<?xml version="1.0" encoding="UTF-8"?>
<!DOCTYPE html PUBLIC "-//W3C//DTD XHTML 1.0 Transitional//EN"
    "http://www.w3.org/TR/xhtml1/DTD/xhtml1-transitional.dtd">
<html xmlns="http://www.w3.org/1999/xhtml" xml:lang="en" lang="en">
 <head>
  <title>
</title>
<meta http-equiv="Content-Type" content="text/html;charset=utf-8" />
  <meta name='ocr-system' content='tesseract 3.04.00' />
  <meta name='ocr-capabilities' content='ocr_page ocr_carea ocr_par ocr_line ocrx_word'/>
</head>
<body>
  <div class='ocr_page' id='page_1' title='image "./publiusvergiliu01virggoog/publiusvergiliu01virggoog_0237.png"; bbox 0 0 3234 5334; ppageno 0'>
   <div class='ocr_carea' id='block_1_1' title="bbox 656 666 2802 753">
    <p class='ocr_par' dir='ltr' id='par_1_1' title="bbox 656 666 2802 753">
     <span class='ocr_line' id='line_1_1' title="bbox 656 666 2802 753; baseline -0.003 -5"><span class='ocrx_word' id='word_1_1' title='bbox 656 684 799 748; x_wconf 88' lang='grc'><strong>228</strong></span> <span class='ocrx_word' id='word_1_2' title='bbox 1500 671 1600 753; x_wconf 84' lang='lat' dir='ltr'>AE</span> <span class='ocrx_word' id='word_1_3' title='bbox 1627 670 1706 742; x_wconf 87' lang='grc' dir='ltr'><strong>Ν</strong></span> <span class='ocrx_word' id='word_1_4' title='bbox 1731 668 1794 743; x_wconf 92' lang='grc' dir='ltr'>Ε</span> <span class='ocrx_word' id='word_1_5' title='bbox 1821 669 1857 742; x_wconf 95' lang='grc' dir='ltr'>Ι</span> <span class='ocrx_word' id='word_1_6' title='bbox 1881 669 1971 742; x_wconf 75' lang='lat' dir='ltr'><strong>S..</strong></span> <span class='ocrx_word' id='word_1_7' title='bbox 2530 691 2598 741; x_wconf 86' lang='lat' dir='ltr'><strong>v.</strong></span> <span class='ocrx_word' id='word_1_8' title='bbox 2633 666 2802 741; x_wconf 80' lang='lat'><strong>642.</strong></span> 
     </span>
    </p>
   </div>
   <div class='ocr_carea' id='block_1_2' title="bbox 655 866 2823 4405">
    <p class='ocr_par' dir='ltr' id='par_1_2' title="bbox 660 866 2658 965">
     <span class='ocr_line' id='line_1_2' title="bbox 660 866 2658 965; baseline -0.004 -21"><span class='ocrx_word' id='word_1_9' title='bbox 660 870 1031 960; x_wconf 76' lang='lat' dir='ltr'><strong>Caesaries,</strong></span> <span class='ocrx_word' id='word_1_10' title='bbox 1077 868 1407 965; x_wconf 91' lang='lat' dir='ltr'><strong>nudique</strong></span> <span class='ocrx_word' id='word_1_11' title='bbox 1444 868 1773 957; x_wconf 89' lang='lat' dir='ltr'><strong>humeri;</strong></span> <span class='ocrx_word' id='word_1_12' title='bbox 1829 891 1973 940; x_wconf 89' lang='lat' dir='ltr'><strong>nec</strong></span> <span class='ocrx_word' id='word_1_13' title='bbox 2007 866 2321 941; x_wconf 86' lang='lat' dir='ltr'><strong>vulnera</strong></span> <span class='ocrx_word' id='word_1_14' title='bbox 2351 870 2658 955; x_wconf 87' lang='lat' dir='ltr'><strong>terrent,</strong></span> 
     </span>
    </p>

    <p class='ocr_par' dir='ltr' id='par_1_3' title="bbox 655 1004 2778 1104">
     <span class='ocr_line' id='line_1_3' title="bbox 655 1004 2778 1104; baseline -0.004 -22"><span class='ocrx_word' id='word_1_15' title='bbox 655 1009 941 1082; x_wconf 88' lang='lat' dir='ltr'><strong>Tantus</strong></span> <span class='ocrx_word' id='word_1_16' title='bbox 979 1008 1055 1080; x_wconf 93' lang='lat' dir='ltr'><strong>in</strong></span> <span class='ocrx_word' id='word_1_17' title='bbox 1095 1032 1300 1079; x_wconf 90' lang='lat' dir='ltr'><strong>arma</strong></span> <span class='ocrx_word' id='word_1_18' title='bbox 1334 1018 1560 1104; x_wconf 89' lang='lat' dir='ltr'><strong>patet.</strong></span> <span class='ocrx_word' id='word_1_19' title='bbox 1660 1006 1881 1080; x_wconf 88' lang='lat' dir='ltr'><strong>Latos</strong></span> <span class='ocrx_word' id='word_1_20' title='bbox 1915 1005 2092 1078; x_wconf 91' lang='lat' dir='ltr'><strong>huic</strong></span> <span class='ocrx_word' id='word_1_21' title='bbox 2127 1004 2340 1077; x_wconf 88' lang='lat' dir='ltr'><strong>hasta</strong></span> <span class='ocrx_word' id='word_1_22' title='bbox 2374 1028 2506 1100; x_wconf 86' lang='lat' dir='ltr'><strong>per</strong></span> <span class='ocrx_word' id='word_1_23' title='bbox 2539 1024 2778 1075; x_wconf 84' lang='lat' dir='ltr'><strong>armos</strong></span> 
     </span>
    </p>

    <p class='ocr_par' dir='ltr' id='par_1_4' title="bbox 655 1141 2658 1243">
     <span class='ocr_line' id='line_1_4' title="bbox 655 1141 2658 1243; baseline -0.003 -24"><span class='ocrx_word' id='word_1_24' title='bbox 655 1148 853 1219; x_wconf 88' lang='lat' dir='ltr'><strong>Acta</strong></span> <span class='ocrx_word' id='word_1_25' title='bbox 886 1145 1159 1235; x_wconf 87' lang='lat' dir='ltr'><strong>tremit,</strong></span> <span class='ocrx_word' id='word_1_26' title='bbox 1206 1144 1684 1243; x_wconf 84' lang='lat' dir='ltr'>duplicatque</span> <span class='ocrx_word' id='word_1_27' title='bbox 1719 1144 1956 1217; x_wconf 89' lang='lat' dir='ltr'><strong>virum</strong></span> <span class='ocrx_word' id='word_1_28' title='bbox 1995 1144 2355 1217; x_wconf 85' lang='lat' dir='ltr'><strong>transfixa</strong></span> <span class='ocrx_word' id='word_1_29' title='bbox 2387 1141 2658 1213; x_wconf 86' lang='lat' dir='ltr'><strong>dolore.</strong></span> 
     </span>
    </p>

    <p class='ocr_par' dir='ltr' id='par_1_5' title="bbox 658 1277 2593 1379">
     <span class='ocr_line' id='line_1_5' title="bbox 658 1277 2593 1379; baseline -0.003 -23"><span class='ocrx_word' id='word_1_30' title='bbox 658 1283 1026 1356; x_wconf 89' lang='lat' dir='ltr'><strong>Funditur</strong></span> <span class='ocrx_word' id='word_1_31' title='bbox 1060 1280 1221 1355; x_wconf 82' lang='lat' dir='ltr'><strong>ater</strong></span> <span class='ocrx_word' id='word_1_32' title='bbox 1256 1282 1529 1379; x_wconf 88' lang='lat' dir='ltr'><strong>ubique</strong></span> <span class='ocrx_word' id='word_1_33' title='bbox 1565 1307 1822 1355; x_wconf 88' lang='lat' dir='ltr'><strong>cruor:</strong></span> <span class='ocrx_word' id='word_1_34' title='bbox 1879 1281 2063 1353; x_wconf 91' lang='lat' dir='ltr'><strong>dant</strong></span> <span class='ocrx_word' id='word_1_35' title='bbox 2095 1278 2362 1353; x_wconf 87' lang='lat' dir='ltr'><strong>funera</strong></span> <span class='ocrx_word' id='word_1_36' title='bbox 2397 1277 2593 1351; x_wconf 82' lang='lat' dir='ltr'><strong>ferro</strong></span> 
     </span>
    </p>

    <p class='ocr_par' dir='ltr' id='par_1_6' title="bbox 661 1417 2815 1665">
     <span class='ocr_line' id='line_1_6' title="bbox 661 1417 2815 1518; baseline -0.003 -23"><span class='ocrx_word' id='word_1_37' title='bbox 661 1421 1076 1511; x_wconf 73' lang='lat' dir='ltr'><strong>CertanteS,</strong></span> <span class='ocrx_word' id='word_1_38' title='bbox 1117 1420 1651 1518; x_wconf 83' lang='lat' dir='ltr'><strong>pulchramque</strong></span> <span class='ocrx_word' id='word_1_39' title='bbox 1679 1430 1948 1515; x_wconf 86' lang='lat' dir='ltr'><strong>petunt</strong></span> <span class='ocrx_word' id='word_1_40' title='bbox 1977 1442 2108 1515; x_wconf 87' lang='lat' dir='ltr'><strong>per</strong></span> <span class='ocrx_word' id='word_1_41' title='bbox 2135 1417 2446 1490; x_wconf 87' lang='lat' dir='ltr'><strong>vulnera</strong></span> <span class='ocrx_word' id='word_1_42' title='bbox 2478 1425 2815 1489; x_wconf 90' lang='lat' dir='ltr'><strong>mortem.</strong></span> 
     </span>
     <span class='ocr_line' id='line_1_7' title="bbox 806 1556 2478 1665; baseline -0.002 -35"><span class='ocrx_word' id='word_1_43' title='bbox 806 1559 911 1632; x_wconf 93' lang='lat' dir='ltr'><strong>At</strong></span> <span class='ocrx_word' id='word_1_44' title='bbox 946 1558 1227 1631; x_wconf 85' lang='lat' dir='ltr'><strong>medias</strong></span> <span class='ocrx_word' id='word_1_45' title='bbox 1261 1558 1459 1631; x_wconf 87' lang='lat' dir='ltr'><strong>inter</strong></span> <span class='ocrx_word' id='word_1_46' title='bbox 1494 1556 1728 1631; x_wconf 87' lang='lat' dir='ltr'><strong>caedes</strong></span> <span class='ocrx_word' id='word_1_47' title='bbox 1763 1556 2089 1665; x_wconf 80' lang='lat' dir='ltr'><strong>exsultat</strong></span> <span class='ocrx_word' id='word_1_48' title='bbox 2123 1556 2478 1645; x_wconf 82' lang='lat' dir='ltr'><strong>Amazon,</strong></span> 
     </span>
    </p>

    <p class='ocr_par' dir='ltr' id='par_1_7' title="bbox 660 1693 2640 1793">
     <span class='ocr_line' id='line_1_8' title="bbox 660 1693 2640 1793; baseline -0.001 -24"><span class='ocrx_word' id='word_1_49' title='bbox 660 1696 919 1769; x_wconf 90' lang='lat' dir='ltr'><strong>Unum</strong></span> <span class='ocrx_word' id='word_1_50' title='bbox 954 1706 1250 1769; x_wconf 88' lang='lat' dir='ltr'><strong>exserta</strong></span> <span class='ocrx_word' id='word_1_51' title='bbox 1281 1696 1473 1768; x_wconf 89' lang='lat' dir='ltr'><strong>latus</strong></span> <span class='ocrx_word' id='word_1_52' title='bbox 1507 1720 1798 1793; x_wconf 59' lang='lat' dir='ltr'><strong>pugnae,</strong></span> <span class='ocrx_word' id='word_1_53' title='bbox 1845 1694 2274 1790; x_wconf 86' lang='lat' dir='ltr'><strong>pharetrata</strong></span> <span class='ocrx_word' id='word_1_54' title='bbox 2303 1693 2640 1768; x_wconf 88' lang='lat' dir='ltr'><strong>Camilla.</strong></span> 
     </span>
    </p>

    <p class='ocr_par' dir='ltr' id='par_1_8' title="bbox 660 1830 2548 1929">
     <span class='ocr_line' id='line_1_9' title="bbox 660 1830 2548 1929; baseline -0.001 -25"><span class='ocrx_word' id='word_1_55' title='bbox 660 1832 758 1905; x_wconf 84' lang='lat' dir='ltr'><strong>Et</strong></span> <span class='ocrx_word' id='word_1_56' title='bbox 794 1858 999 1906; x_wconf 88' lang='lat' dir='ltr'><strong>nunc</strong></span> <span class='ocrx_word' id='word_1_57' title='bbox 1034 1834 1241 1906; x_wconf 85' lang='lat' dir='ltr'><strong>lenta</strong></span> <span class='ocrx_word' id='word_1_58' title='bbox 1274 1840 1505 1905; x_wconf 86' lang='lat' dir='ltr'><strong>manu</strong></span> <span class='ocrx_word' id='word_1_59' title='bbox 1540 1856 1896 1929; x_wconf 88' lang='lat' dir='ltr'><strong>spargens</strong></span> <span class='ocrx_word' id='word_1_60' title='bbox 1932 1830 2227 1903; x_wconf 89' lang='lat' dir='ltr'><strong>hastilia</strong></span> <span class='ocrx_word' id='word_1_61' title='bbox 2262 1830 2548 1920; x_wconf 85' lang='lat' dir='ltr'><strong>denset,</strong></span> 
     </span>
    </p>

    <p class='ocr_par' dir='ltr' id='par_1_9' title="bbox 663 1962 2653 2067">
     <span class='ocr_line' id='line_1_10' title="bbox 663 1962 2653 2067; baseline -0.002 -23"><span class='ocrx_word' id='word_1_62' title='bbox 663 1970 897 2044; x_wconf 89' lang='lat' dir='ltr'><strong>Nunc</strong></span> <span class='ocrx_word' id='word_1_63' title='bbox 933 1970 1255 2044; x_wconf 83' lang='lat' dir='ltr'><strong>validam</strong></span> <span class='ocrx_word' id='word_1_64' title='bbox 1291 1962 1561 2043; x_wconf 81' lang='lat' dir='ltr'><strong>dextra</strong></span> <span class='ocrx_word' id='word_1_65' title='bbox 1594 1968 1790 2067; x_wconf 83' lang='lat' dir='ltr'>rapit</span> <span class='ocrx_word' id='word_1_66' title='bbox 1825 1966 2194 2041; x_wconf 87' lang='lat' dir='ltr'><strong>indefessa</strong></span> <span class='ocrx_word' id='word_1_67' title='bbox 2227 1968 2653 2064; x_wconf 85' lang='lat' dir='ltr'><strong>bipennem.</strong></span> 
     </span>
    </p>

    <p class='ocr_par' dir='ltr' id='par_1_10' title="bbox 660 2076 2635 2196">
     <span class='ocr_line' id='line_1_11' title="bbox 660 2076 2635 2196; baseline -0.001 -17"><span class='ocrx_word' id='word_1_68' title='bbox 660 2107 951 2181; x_wconf 90' lang='lat' dir='ltr'><strong>Aureus</strong></span> <span class='ocrx_word' id='word_1_69' title='bbox 988 2133 1085 2181; x_wconf 87' lang='lat' dir='ltr'><strong>ex</strong></span> <span class='ocrx_word' id='word_1_70' title='bbox 1121 2109 1429 2181; x_wconf 89' lang='lat' dir='ltr'><strong>humero</strong></span> <span class='ocrx_word' id='word_1_71' title='bbox 1465 2117 1683 2179; x_wconf 87' lang='lat' dir='ltr'><strong>sonat</strong></span> <span class='ocrx_word' id='word_1_72' title='bbox 1719 2130 1954 2196; x_wconf 90' lang='lat' dir='ltr'><strong>arcus,</strong></span> <span class='ocrx_word' id='word_1_73' title='bbox 2003 2116 2077 2178; x_wconf 89' lang='lat' dir='ltr'><strong>et</strong></span> <span class='ocrx_word' id='word_1_74' title='bbox 2107 2076 2320 2177; x_wconf 41' lang='lat' dir='ltr'><strong>‘arma</strong></span> <span class='ocrx_word' id='word_1_75' title='bbox 2353 2104 2635 2178; x_wconf 84' lang='lat' dir='ltr'><strong>Dianae.</strong></span> 
     </span>
    </p>

    <p class='ocr_par' dir='ltr' id='par_1_11' title="bbox 663 2242 2582 2341">
     <span class='ocr_line' id='line_1_12' title="bbox 663 2242 2582 2341; baseline -0.001 -25"><span class='ocrx_word' id='word_1_76' title='bbox 663 2244 807 2317; x_wconf 89' lang='lat' dir='ltr'><strong>Illa</strong></span> <span class='ocrx_word' id='word_1_77' title='bbox 840 2244 1086 2335; x_wconf 89' lang='lat' dir='ltr'><strong>etiam,</strong></span> <span class='ocrx_word' id='word_1_78' title='bbox 1132 2245 1193 2315; x_wconf 92' lang='lat' dir='ltr'><strong>si</strong></span> <span class='ocrx_word' id='word_1_79' title='bbox 1228 2244 1529 2341; x_wconf 89' lang='lat' dir='ltr'><strong>quando</strong></span> <span class='ocrx_word' id='word_1_80' title='bbox 1565 2244 1644 2316; x_wconf 91' lang='lat' dir='ltr'><strong>in</strong></span> <span class='ocrx_word' id='word_1_81' title='bbox 1681 2255 1978 2340; x_wconf 89' lang='lat' dir='ltr'><strong>tergum</strong></span> <span class='ocrx_word' id='word_1_82' title='bbox 2013 2243 2226 2339; x_wconf 85' lang='lat' dir='ltr'><strong>pulsa</strong></span> <span class='ocrx_word' id='word_1_83' title='bbox 2259 2242 2582 2334; x_wconf 86' lang='lat' dir='ltr'><strong>recessit,</strong></span> 
     </span>
    </p>

    <p class='ocr_par' dir='ltr' id='par_1_12' title="bbox 663 2380 2282 2480">
     <span class='ocr_line' id='line_1_13' title="bbox 663 2380 2282 2480; baseline -0.002 -24"><span class='ocrx_word' id='word_1_84' title='bbox 663 2381 960 2480; x_wconf 84' lang='lat' dir='ltr'><strong>Spicula</strong></span> <span class='ocrx_word' id='word_1_85' title='bbox 994 2406 1351 2455; x_wconf 86' lang='lat' dir='ltr'><strong>converso</strong></span> <span class='ocrx_word' id='word_1_86' title='bbox 1384 2380 1758 2479; x_wconf 87' lang='lat' dir='ltr'><strong>fugientia</strong></span> <span class='ocrx_word' id='word_1_87' title='bbox 1791 2381 2049 2479; x_wconf 89' lang='lat' dir='ltr'><strong>dirigit</strong></span> <span class='ocrx_word' id='word_1_88' title='bbox 2085 2405 2282 2454; x_wconf 88' lang='lat' dir='ltr'><strong>arcu.</strong></span> 
     </span>
    </p>

    <p class='ocr_par' dir='ltr' id='par_1_13' title="bbox 662 2518 2474 2616">
     <span class='ocr_line' id='line_1_14' title="bbox 662 2518 2474 2616; baseline -0.001 -25"><span class='ocrx_word' id='word_1_89' title='bbox 662 2520 767 2592; x_wconf 93' lang='lat' dir='ltr'><strong>At</strong></span> <span class='ocrx_word' id='word_1_90' title='bbox 804 2520 1087 2594; x_wconf 87' lang='lat' dir='ltr'><strong>circum</strong></span> <span class='ocrx_word' id='word_1_91' title='bbox 1123 2521 1335 2593; x_wconf 85' lang='lat' dir='ltr'><strong>lectae</strong></span> <span class='ocrx_word' id='word_1_92' title='bbox 1372 2520 1700 2611; x_wconf 82' lang='lat' dir='ltr'><strong>comiteS,</strong></span> <span class='ocrx_word' id='word_1_93' title='bbox 1751 2518 2168 2616; x_wconf 90' lang='lat' dir='ltr'><strong>Larinaque</strong></span> <span class='ocrx_word' id='word_1_94' title='bbox 2206 2518 2435 2616; x_wconf 79' lang='lat' dir='ltr'><strong>virge,</strong></span> <span class='ocrx_word' id='word_1_95' title='bbox 2469 2598 2474 2604; x_wconf 50' lang='grc'><strong><em>,</em></strong></span> 
     </span>
    </p>

    <p class='ocr_par' dir='ltr' id='par_1_14' title="bbox 663 2656 2596 2754">
     <span class='ocr_line' id='line_1_15' title="bbox 663 2656 2596 2754; baseline 0 -25"><span class='ocrx_word' id='word_1_96' title='bbox 663 2658 1044 2754; x_wconf 82' lang='lat' dir='ltr'><strong>Tullaque,</strong></span> <span class='ocrx_word' id='word_1_97' title='bbox 1092 2670 1171 2731; x_wconf 89' lang='lat' dir='ltr'><strong>et</strong></span> <span class='ocrx_word' id='word_1_98' title='bbox 1204 2672 1503 2732; x_wconf 84' lang='lat' dir='ltr'><strong>aeratam</strong></span> <span class='ocrx_word' id='word_1_99' title='bbox 1537 2656 1879 2754; x_wconf 90' lang='lat' dir='ltr'><strong>quatiens</strong></span> <span class='ocrx_word' id='word_1_100' title='bbox 1907 2657 2222 2754; x_wconf 89' lang='lat' dir='ltr'><strong>Tarpeia</strong></span> <span class='ocrx_word' id='word_1_101' title='bbox 2257 2656 2596 2749; x_wconf 88' lang='lat' dir='ltr'><strong>securim,</strong></span> 
     </span>
    </p>

    <p class='ocr_par' dir='ltr' id='par_1_15' title="bbox 663 2793 2383 2892">
     <span class='ocr_line' id='line_1_16' title="bbox 663 2793 2383 2892; baseline -0.001 -25"><span class='ocrx_word' id='word_1_102' title='bbox 663 2794 1003 2884; x_wconf 83' lang='lat' dir='ltr'><strong>Italides3</strong></span> <span class='ocrx_word' id='word_1_103' title='bbox 1061 2820 1241 2891; x_wconf 82' lang='lat' dir='ltr'><strong>quas</strong></span> <span class='ocrx_word' id='word_1_104' title='bbox 1281 2794 1437 2892; x_wconf 86' lang='lat' dir='ltr'><strong>ipsa</strong></span> <span class='ocrx_word' id='word_1_105' title='bbox 1469 2794 1698 2867; x_wconf 89' lang='lat' dir='ltr'><strong>decus</strong></span> <span class='ocrx_word' id='word_1_106' title='bbox 1735 2793 1869 2867; x_wconf 90' lang='lat' dir='ltr'><strong>sibi</strong></span> <span class='ocrx_word' id='word_1_107' title='bbox 1907 2793 2032 2867; x_wconf 90' lang='lat' dir='ltr'><strong>dia</strong></span> <span class='ocrx_word' id='word_1_108' title='bbox 2062 2793 2383 2867; x_wconf 89' lang='lat' dir='ltr'><strong>Camilla</strong></span> 
     </span>
    </p>

    <p class='ocr_par' dir='ltr' id='par_1_16' title="bbox 663 2931 2456 3039">
     <span class='ocr_line' id='line_1_17' title="bbox 663 2931 2456 3039; baseline 0.001 -36"><span class='ocrx_word' id='word_1_109' title='bbox 663 2931 1005 3039; x_wconf 58' lang='lat' dir='ltr'><strong>Delegit,</strong></span> <span class='ocrx_word' id='word_1_110' title='bbox 1039 2932 1387 3030; x_wconf 82' lang='lat' dir='ltr'><strong>pacisque</strong></span> <span class='ocrx_word' id='word_1_111' title='bbox 1420 2931 1654 3005; x_wconf 91' lang='lat' dir='ltr'><strong>bonas</strong></span> <span class='ocrx_word' id='word_1_112' title='bbox 1686 2931 2008 3029; x_wconf 89' lang='lat' dir='ltr'><strong>bellique</strong></span> <span class='ocrx_word' id='word_1_113' title='bbox 2043 2931 2456 3005; x_wconf 88' lang='lat' dir='ltr'><strong>ministras:</strong></span> 
     </span>
    </p>

    <p class='ocr_par' dir='ltr' id='par_1_17' title="bbox 667 3069 2572 3166">
     <span class='ocr_line' id='line_1_18' title="bbox 667 3069 2572 3166; baseline 0.001 -25"><span class='ocrx_word' id='word_1_114' title='bbox 667 3069 947 3154; x_wconf 82' lang='lat' dir='ltr'><strong>Quales</strong></span> <span class='ocrx_word' id='word_1_115' title='bbox 976 3069 1355 3161; x_wconf 86' lang='lat' dir='ltr'><strong>Threiciae,</strong></span> <span class='ocrx_word' id='word_1_116' title='bbox 1400 3095 1631 3166; x_wconf 92' lang='lat' dir='ltr'><strong>quum</strong></span> <span class='ocrx_word' id='word_1_117' title='bbox 1667 3069 1975 3142; x_wconf 89' lang='lat' dir='ltr'><strong>flumina</strong></span> <span class='ocrx_word' id='word_1_118' title='bbox 1999 3069 2572 3143; x_wconf 86' lang='lat' dir='ltr'><strong>Thermodontis</strong></span> 
     </span>
    </p>

    <p class='ocr_par' dir='ltr' id='par_1_18' title="bbox 665 3176 2527 3305">
     <span class='ocr_line' id='line_1_19' title="bbox 665 3176 2527 3305; baseline 0 -26"><span class='ocrx_word' id='word_1_119' title='bbox 665 3206 995 3298; x_wconf 86' lang='lat' dir='ltr'><strong>Pulsant,</strong></span> <span class='ocrx_word' id='word_1_120' title='bbox 1041 3217 1119 3282; x_wconf 87' lang='lat' dir='ltr'><strong>et</strong></span> <span class='ocrx_word' id='word_1_121' title='bbox 1151 3207 1369 3305; x_wconf 85' lang='lat' dir='ltr'><strong>pictis</strong></span> <span class='ocrx_word' id='word_1_122' title='bbox 1402 3207 1780 3281; x_wconf 87' lang='lat' dir='ltr'><strong>bellantur</strong></span> <span class='ocrx_word' id='word_1_123' title='bbox 1810 3176 2224 3280; x_wconf 81' lang='lat' dir='ltr'><strong>Amazones</strong></span> <span class='ocrx_word' id='word_1_124' title='bbox 2267 3208 2488 3279; x_wconf 88' lang='lat' dir='ltr'><strong>armis</strong></span> <span class='ocrx_word' id='word_1_125' title='bbox 2506 3236 2527 3297; x_wconf 91' lang='lat'>;</span> 
     </span>
    </p>

    <p class='ocr_par' dir='ltr' id='par_1_19' title="bbox 666 3328 2790 3443">
     <span class='ocr_line' id='line_1_20' title="bbox 666 3328 2790 3443; baseline 0.001 -26"><span class='ocrx_word' id='word_1_126' title='bbox 666 3342 809 3417; x_wconf 91' lang='lat' dir='ltr'><strong>Seu</strong></span> <span class='ocrx_word' id='word_1_127' title='bbox 847 3343 1129 3419; x_wconf 86' lang='lat' dir='ltr'><strong>circum</strong></span> <span class='ocrx_word' id='word_1_128' title='bbox 1170 3328 1650 3443; x_wconf 83' lang='lat' dir='ltr'><strong>Hippolyten,</strong></span> <span class='ocrx_word' id='word_1_129' title='bbox 1697 3370 1827 3418; x_wconf 86' lang='lat' dir='ltr'><strong>seu</strong></span> <span class='ocrx_word' id='word_1_130' title='bbox 1864 3371 2093 3441; x_wconf 89' lang='lat' dir='ltr'><strong>quum</strong></span> <span class='ocrx_word' id='word_1_131' title='bbox 2131 3370 2207 3418; x_wconf 90' lang='lat' dir='ltr'><strong>se</strong></span> <span class='ocrx_word' id='word_1_132' title='bbox 2247 3342 2526 3419; x_wconf 78' lang='lat' dir='ltr'><strong>Martia</strong></span> <span class='ocrx_word' id='word_1_133' title='bbox 2563 3370 2790 3419; x_wconf 87' lang='lat' dir='ltr'><strong>curru</strong></span> 
     </span>
    </p>

    <p class='ocr_par' dir='ltr' id='par_1_20' title="bbox 666 3480 2634 3581">
     <span class='ocr_line' id='line_1_21' title="bbox 666 3480 2634 3581; baseline 0.002 -28"><span class='ocrx_word' id='word_1_134' title='bbox 666 3480 1138 3556; x_wconf 84' lang='lat' dir='ltr'><strong>Penthesilea</strong></span> <span class='ocrx_word' id='word_1_135' title='bbox 1170 3480 1419 3574; x_wconf 88' lang='lat' dir='ltr'><strong>refert,</strong></span> <span class='ocrx_word' id='word_1_136' title='bbox 1466 3498 1889 3579; x_wconf 86' lang='lat' dir='ltr'><strong>magnoque</strong></span> <span class='ocrx_word' id='word_1_137' title='bbox 1933 3482 2268 3556; x_wconf 89' lang='lat' dir='ltr'><strong>ululante</strong></span> <span class='ocrx_word' id='word_1_138' title='bbox 2304 3484 2634 3581; x_wconf 66' lang='lat' dir='ltr'><strong>tumultu</strong></span> 
     </span>
    </p>

    <p class='ocr_par' dir='ltr' id='par_1_21' title="bbox 668 3617 2362 3717">
     <span class='ocr_line' id='line_1_22' title="bbox 668 3617 2362 3717; baseline 0.001 -27"><span class='ocrx_word' id='word_1_139' title='bbox 668 3617 1019 3693; x_wconf 86' lang='lat' dir='ltr'><strong>Feminea</strong></span> <span class='ocrx_word' id='word_1_140' title='bbox 1055 3620 1437 3693; x_wconf 88' lang='lat' dir='ltr'><strong>exsultant</strong></span> <span class='ocrx_word' id='word_1_141' title='bbox 1473 3619 1750 3693; x_wconf 89' lang='lat' dir='ltr'><strong>lunatis</strong></span> <span class='ocrx_word' id='word_1_142' title='bbox 1788 3620 2093 3717; x_wconf 85' lang='lat' dir='ltr'><strong>agmina</strong></span> <span class='ocrx_word' id='word_1_143' title='bbox 2125 3620 2362 3717; x_wconf 90' lang='lat' dir='ltr'><strong>peltis.</strong></span> 
     </span>
    </p>

    <p class='ocr_par' dir='ltr' id='par_1_22' title="bbox 668 3753 2822 3858">
     <span class='ocr_line' id='line_1_23' title="bbox 668 3753 2822 3858; baseline 0.001 -30"><span class='ocrx_word' id='word_1_144' title='bbox 668 3753 916 3838; x_wconf 83' lang='lat' dir='ltr'><strong>Quem</strong></span> <span class='ocrx_word' id='word_1_145' title='bbox 951 3757 1102 3829; x_wconf 94' lang='lat' dir='ltr'><strong>telo</strong></span> <span class='ocrx_word' id='word_1_146' title='bbox 1138 3755 1477 3853; x_wconf 90' lang='lat' dir='ltr'><strong>primum,</strong></span> <span class='ocrx_word' id='word_1_147' title='bbox 1518 3781 1740 3854; x_wconf 90' lang='lat' dir='ltr'><strong>quem</strong></span> <span class='ocrx_word' id='word_1_148' title='bbox 1773 3768 2250 3853; x_wconf 88' lang='lat' dir='ltr'><strong>postremum,</strong></span> <span class='ocrx_word' id='word_1_149' title='bbox 2294 3782 2552 3855; x_wconf 88' lang='lat' dir='ltr'><strong>aspera</strong></span> <span class='ocrx_word' id='word_1_150' title='bbox 2585 3759 2822 3858; x_wconf 86' lang='lat' dir='ltr'><strong>virg0,</strong></span> 
     </span>
    </p>

    <p class='ocr_par' dir='ltr' id='par_1_23' title="bbox 665 3860 2823 3997">
     <span class='ocr_line' id='line_1_24' title="bbox 665 3860 2823 3997; baseline 0.003 -34"><span class='ocrx_word' id='word_1_151' title='bbox 665 3890 992 3997; x_wconf 82' lang='lat' dir='ltr'><strong>Dejicis?</strong></span> <span class='ocrx_word' id='word_1_152' title='bbox 1046 3906 1179 3967; x_wconf 87' lang='lat' dir='ltr'><strong>aut</strong></span> <span class='ocrx_word' id='word_1_153' title='bbox 1210 3906 1393 3990; x_wconf 90' lang='lat' dir='ltr'><strong>quot</strong></span> <span class='ocrx_word' id='word_1_154' title='bbox 1427 3892 1636 3967; x_wconf 90' lang='lat' dir='ltr'><strong>humi</strong></span> <span class='ocrx_word' id='word_1_155' title='bbox 1671 3893 2064 3967; x_wconf 88' lang='lat' dir='ltr'><strong>morientia</strong></span> <span class='ocrx_word' id='word_1_156' title='bbox 2085 3860 2406 3992; x_wconf 47' lang='lat' dir='ltr'><strong>&#39;corpora</strong></span> <span class='ocrx_word' id='word_1_157' title='bbox 2441 3894 2741 3969; x_wconf 86' lang='lat' dir='ltr'><strong>fundis?</strong></span> <span class='ocrx_word' id='word_1_158' title='bbox 2809 3963 2823 3977; x_wconf 83' lang='grc'>,</span> 
     </span>
    </p>

    <p class='ocr_par' dir='ltr' id='par_1_24' title="bbox 671 4026 2580 4130">
     <span class='ocr_line' id='line_1_25' title="bbox 671 4026 2580 4130; baseline 0.003 -30"><span class='ocrx_word' id='word_1_159' title='bbox 671 4026 1029 4113; x_wconf 83' lang='lat' dir='ltr'><strong>Eunaeum</strong></span> <span class='ocrx_word' id='word_1_160' title='bbox 1071 4031 1321 4127; x_wconf 92' lang='lat' dir='ltr'><strong>Clytio</strong></span> <span class='ocrx_word' id='word_1_161' title='bbox 1355 4031 1674 4128; x_wconf 89' lang='lat' dir='ltr'><strong>primum</strong></span> <span class='ocrx_word' id='word_1_162' title='bbox 1711 4043 1942 4129; x_wconf 89' lang='lat' dir='ltr'><strong>patre,</strong></span> <span class='ocrx_word' id='word_1_163' title='bbox 1991 4031 2200 4128; x_wconf 89' lang='lat' dir='ltr'><strong>cujus</strong></span> <span class='ocrx_word' id='word_1_164' title='bbox 2239 4046 2580 4130; x_wconf 87' lang='lat' dir='ltr'><strong>apertum</strong></span> 
     </span>
    </p>

    <p class='ocr_par' dir='ltr' id='par_1_25' title="bbox 669 4134 2507 4275">
     <span class='ocr_line' id='line_1_26' title="bbox 669 4134 2507 4275; baseline 0.004 -39"><span class='ocrx_word' id='word_1_165' title='bbox 669 4163 987 4273; x_wconf 66' lang='lat' dir='ltr'><strong>Adversi</strong></span> <span class='ocrx_word' id='word_1_166' title='bbox 1020 4168 1249 4264; x_wconf 90' lang='lat' dir='ltr'><strong>longa</strong></span> <span class='ocrx_word' id='word_1_167' title='bbox 1280 4167 1832 4242; x_wconf 87' lang='lat' dir='ltr'><strong>transverberat</strong></span> <span class='ocrx_word' id='word_1_168' title='bbox 1869 4170 2112 4243; x_wconf 88' lang='lat' dir='ltr'><strong>abiete</strong></span> <span class='ocrx_word' id='word_1_169' title='bbox 2149 4134 2448 4267; x_wconf 74' lang='lat' dir='ltr'><strong>pectus:</strong></span> <span class='ocrx_word' id='word_1_170' title='bbox 2499 4266 2507 4275; x_wconf 94' lang='lat'>.</span> 
     </span>
    </p>

    <p class='ocr_par' dir='ltr' id='par_1_26' title="bbox 674 4298 2753 4405">
     <span class='ocr_line' id='line_1_27' title="bbox 674 4298 2753 4405; baseline 0.005 -33"><span class='ocrx_word' id='word_1_171' title='bbox 674 4298 1069 4399; x_wconf 88' lang='lat' dir='ltr'><strong>Sanguinis</strong></span> <span class='ocrx_word' id='word_1_172' title='bbox 1105 4304 1229 4378; x_wconf 92' lang='lat' dir='ltr'><strong>ille</strong></span> <span class='ocrx_word' id='word_1_173' title='bbox 1262 4330 1568 4381; x_wconf 87' lang='lat' dir='ltr'><strong>vomens</strong></span> <span class='ocrx_word' id='word_1_174' title='bbox 1600 4305 1794 4379; x_wconf 90' lang='lat' dir='ltr'><strong>rivos</strong></span> <span class='ocrx_word' id='word_1_175' title='bbox 1831 4308 2052 4400; x_wconf 86' lang='lat' dir='ltr'><strong>cadit,</strong></span> <span class='ocrx_word' id='word_1_176' title='bbox 2099 4321 2322 4405; x_wconf 87' lang='lat' dir='ltr'><strong>atque</strong></span> <span class='ocrx_word' id='word_1_177' title='bbox 2359 4320 2753 4385; x_wconf 87' lang='lat' dir='ltr'><strong>cruentam</strong></span> 
     </span>
    </p>
   </div>
  </div>
 </body>
</html>
