3234 5334
667 612 752 680 14
1517 601 1956 682 AENEIS.
2534 629 2603 679 v.
2642 613 2819 680 322.-

461 755 476 769 .
567 841 574 850 ·
655 803 1216 902 Euryalumque
1237 799 1600 902 Helymus
1630 805 1989 902 sequitur.
2048 803 2223 890 Quo
2246 801 2521 880 deinde
2546 801 2683 878 sub
2708 803 2874 902 ipso

655 941 858 1018 Ecce
891 943 1116 1035 volat,
1161 943 1596 1041 calcemque
1630 941 1810 1016 terit
1830 939 1991 1040 jam
2026 941 2235 1017 calce
2270 942 2559 1034 Diores,

657 1078 1118 1155 Incumbens
1153 1082 1502 1157 humero:
1557 1081 1801 1178 spatia
1835 1091 1915 1155 et
1948 1079 2011 1153 si
2044 1079 2259 1180 plura
2290 1079 2681 1180 supersint,

654 1217 1019 1292 Transeat
1055 1219 1344 1318 elapsus
1377 1216 1596 1316 prior,
1646 1216 2175 1318 ambiguumve
2222 1215 2615 1314 relinquat.

653 1355 976 1454 Jamque
1009 1355 1168 1430 fere
1203 1356 1444 1454 spatio
1475 1367 1821 1430 extremo
1855 1354 2175 1454 fessique
2210 1353 2345 1428 sub
2380 1354 2611 1454 ipsam

655 1491 915 1567 Finem
953 1491 1486 1586 adventabant,
1531 1493 1681 1568 levi
1716 1519 1949 1592 quum
1992 1492 2361 1592 sanguine
2398 1493 2627 1566 Nisus

659 1627 974 1706 Labitur
1005 1609 1312 1722 infeliiq
1373 1630 1574 1706 caesis
1607 1643 1693 1708 ut
1725 1629 1923 1706 forte
1946 1629 2295 1730 juvencis

657 1767 888 1844 Fusus
921 1769 1234 1844 humum
1269 1763 1691 1867 viridesque
1722 1793 1946 1867 super
1984 1766 2489 1844 madefecerat
2522 1767 2815 1842 herbasss

659 1907 802 1981 Hic
825 1905 1147 2004 juvenis,
1197 1905 1360 2004 jam
1393 1907 1639 1982 victor
1670 1930 1923 1998 ovans,
1968 1905 2287 2006 vestigia
2321 1929 2573 2002 presso

659 2042 887 2118 Haud
923 2042 1172 2118 tenuit
1207 2042 1535 2120 titubata
1567 2045 1763 2135 solo;
1821 2042 1952 2119 sed
1989 2069 2265 2142 pronus
2300 2043 2379 2118 in
2418 2044 2577 2142 ipso

661 2180 1018 2256 Concidit
1053 2180 1588 2279 immundoque
1624 2183 1799 2256 fimo
1832 2167 2191 2279 sacroque
2238 2205 2522 2255 cruore.

659 2319 842 2394 Non
877 2332 1134 2394 tamen
1169 2319 1496 2418 Euryali,
1541 2343 1699 2394 non
1736 2320 1861 2394 ille
1896 2310 2169 2394 oblitus
2206 2343 2580 2410 amorum;

661 2457 866 2530 Nam
899 2481 1058 2531 sese
1093 2457 1438 2556 opposuit
1471 2456 1685 2548 Salio,
1732 2481 1865 2555 per
1896 2454 2189 2532 lubrica
2220 2479 2555 2555 surgens.
2662 2469 2671 2476 '

665 2594 802 2668 Ille
839 2609 1092 2672 autem
1125 2594 1356 2694 spissa
1377 2593 1625 2693 jacuit
1661 2595 2041 2670 revolutus
2076 2615 2325 2669 arena.

660 2732 958 2808 Emicat
989 2732 1380 2830 Euryalus,
1429 2742 1507 2806 et
1540 2756 1855 2807 munere
1888 2731 2133 2806 victor
2166 2732 2388 2806 amici

661 2869 912 2944 Prima
944 2882 1180 2960 tenet,
1223 2870 1637 2969 plausuque
1670 2871 1873 2944 volat
1906 2867 2359 2968 fremituque
2396 2867 2759 2944 secundo.

659 3007 838 3082 Post
874 3008 1238 3107 Helymus
1273 3007 1496 3101 subit,
1541 3021 1620 3082 et
1652 3033 1863 3082 nunc
1898 3008 2123 3082 tertia
2154 3009 2405 3107 palma
2438 3007 2732 3082 Diores.

665 3146 810 3220 Hic
839 3158 1090 3220 totum
1129 3169 1374 3220 caveae
1407 3169 1837 3220 consessum
1872 3145 2202 3244 ingentis
2238 3156 2317 3218 et
2350 3169 2481 3218 ora

663 3281 910 3357 Prima
945 3295 1244 3382 patrum
1277 3284 1572 3386 magnis
1607 3283 1843 3356 Salius
1876 3281 2323 3357 clamoribus
2360 3282 2619 3380 implet
2636 3309 2655 3372 ;

661 3420 1172 3520 Ereptumque
1208 3418 1382 3494 dolo
1413 3420 1629 3494 reddi
1662 3419 1803 3494 sibi
1838 3419 2077 3518 poscit
2110 3421 2496 3493 honorem.

661 3557 987 3632 Tutatur
1019 3557 1233 3631 favor
1265 3557 1697 3655 Euryalum,
1744 3558 2237 3656 lacrymaeque
2270 3557 2581 3648 decorae,

665 3696 975 3770 Gratior
1011 3708 1087 3770 et
1121 3697 1438 3796 pulchro
1471 3696 1781 3770 veniens
1818 3696 1899 3770 in
1934 3720 2243 3794 corpore
2277 3696 2533 3770 virtus.

663 3831 1013 3932 Adjuvat,
1062 3846 1140 3907 et
1172 3857 1452 3931 magna
1483 3833 1897 3931 proclamat
1930 3857 2115 3906 voce
2152 3833 2445 3923 Diores,

666 3970 822 4055 Qui
854 3970 1084 4044 subiit
1115 3971 1398 4069 palmae,
1441 3968 1865 4067 frustraque
1902 3971 1995 4044 ad
2032 3971 2331 4070 praemia
2366 3969 2577 4044 venit

664 4107 984 4200 Ultima,
1019 4108 1080 4180 si
1113 4107 1335 4207 primi
1371 4107 1566 4181 Salio
1599 4107 2025 4181 redduntur
2056 4109 2397 4182 honores,

665 4245 860 4320 Tum
895 4257 1111 4345 pater
1143 4245 1451 4322 AEneas:
1492 4247 1791 4340 Vestra,
1834 4245 2099 4345 inquit,
2146 4271 2465 4320 munera
2496 4245 2731 4324 vobis·
2846 4263 2861 4273 “
