3234 5334
379 640 445 690 v.
478 627 637 699 771.
1120 617 1509 741 LIBER
1604 618 1781 693 V11.
2392 626 2526 693 103

377 814 537 911 Ipse
570 828 1027 913 repertorem
1058 815 1449 889 medicinoe
1484 816 1652 888 talis
1688 828 1764 889 et
1799 813 1982 915 artis

375 950 709 1057 Fulmine
744 951 1279 1050 Phoebigenam
1312 952 1605 1051 Stygias
1643 951 1961 1025 detrusit
1996 951 2096 1027 ad
2127 950 2385 1025 undas.

376 1087 470 1161 At
500 1087 759 1161 Trivia
794 1089 1285 1187 Hippolytum
1318 1089 1622 1163 secretis
1665 1089 1862 1161 alma
1894 1086 2238 1161 recondit
2329 1128 2336 1135 ·

378 1223 699 1316 Sedibus,
748 1237 826 1298 et
860 1226 1205 1323 nymphae
1240 1225 1527 1323 Egeriae
1560 1224 1992 1321 nemorique
2028 1225 2351 1323 relegat:

246 1396 251 1403 ·
376 1360 575 1435 Solus
613 1360 743 1433 ubi
778 1361 857 1433 in
892 1361 1113 1457 sylvis
1154 1361 1361 1435 Italis
1396 1361 1744 1459 ignobilis
1779 1387 2016 1435 aevum

248 1585 252 1594 Ι
375 1496 753 1595 Exigeret,
801 1522 1158 1594 versoque
1196 1498 1325 1571 ubi
1361 1498 1666 1572 nomine
1699 1498 2000 1571 Virbius
2037 1509 2246 1571 esset.

376 1634 593 1707 Unde
630 1635 857 1709 etiam
891 1636 1173 1733 templo
1199 1635 1463 1711 Triviae
1498 1636 1830 1732 lucisque
1867 1634 2172 1708 sacratis

378 1770 833 1868 Cornipedes
870 1785 1225 1845 arcentur
1258 1772 1447 1869 equi,
1494 1772 1695 1868 quod
1730 1771 1980 1845 littore
2019 1796 2319 1845 currum

377 1907 469 1979 Et
488 1886 851 2005 juvenem
888 1910 1233 1983 monstris
1268 1910 1518 2007 pavidi
1552 1909 1885 1983 effudere
1921 1908 2247 1983 marinis.

374 2043 592 2119 Filius
628 2045 977 2118 ardentes
1009 2046 1211 2119 haud
1246 2046 1483 2119 secius
1520 2071 1810 2141 aequore
1849 2045 2090 2143 campi

377 2180 795 2255 Exercebat
830 2206 1077 2278 equOS,
1126 2207 1497 2279 curruque
1534 2183 1611 2255 in
1650 2183 1846 2255 bella
1878 2183 2164 2257 ruebat.

514 2317 684 2415 Ipse
720 2316 919 2391 inter
951 2318 1222 2416 primos
1260 2320 1638 2416 praestanti
1675 2344 1980 2417 corpore
2007 2321 2306 2396 Turnus

376 2455 731 2546 Vertitur,
780 2454 985 2553 arma
1018 2469 1306 2546 tenena,
1354 2468 1433 2529 et
1466 2468 1630 2529 toto
1663 2456 1944 2529 vertice
1981 2480 2202 2553 supra
2235 2469 2366 2531 est.

376 2590 515 2665 Cui
548 2592 829 2689 triplici
862 2592 1136 2665 crinita
1158 2591 1345 2691 juba
1378 2594 1597 2691 galea
1633 2594 1786 2667 alta
1818 2592 2260 2705 Chimaeram

369 2730 719 2820 Sustinet,
766 2731 1087 2803 AEtnaeos
1121 2732 1494 2804 efflantem
1529 2729 1871 2804 faucibus
1908 2730 2158 2828 ignes:

366 2866 553 2939 Tam
586 2867 827 2964 magis
862 2867 988 2941 illa
1022 2865 1349 2941 fremens
1386 2882 1463 2941 et
1497 2866 1831 2940 tristibus
1866 2867 2096 2941 effera
2129 2868 2458 2959 flammis,
2575 2930 2582 2935 .

370 3002 621 3087 Quam
656 3002 893 3101 magis
930 3002 1167 3077 effuso
1202 3005 1660 3079 crudescunt
1692 3004 2060 3103 sanguine
2095 3029 2381 3102 pugnae.

276 3186 279 3188 Α
371 3140 470 3213 At
504 3142 749 3213 levem
786 3140 1130 3237 clypeum
1166 3139 1473 3213 sublatis
1510 3140 1858 3216 cornibus
1897 3140 1981 3211 Io
2213 3122 2220 3128 ’

370 3277 578 3351 Auro
608 3276 1041 3375 insignibat,
1091 3275 1253 3374 jam
1287 3277 1476 3351 saetis
1510 3277 1772 3368 obsita,
1821 3276 1981 3375 jam
2016 3276 2168 3368 boS‚

370 3414 924 3513 Argumentum
960 3413 1250 3511 iugem,
1300 3425 1377 3487 et
1411 3427 1659 3489 custos
1694 3414 2004 3513 virginis
2037 3417 2305 3513 Argus,

375 3550 796 3647 Caelataque
834 3575 1133 3623 amnem
1166 3548 1492 3623 fundens
1528 3562 1742 3648 pater
1778 3550 2103 3624 Inachus
2139 3576 2350 3624 urna.

372 3687 803 3785 Insequitur
836 3687 1132 3760 nimbus
1170 3686 1526 3783 peditum,
1575 3688 2064 3785 clypeataque
2097 3689 2272 3761 totis
2401 3665 2406 3671 ¹

371 3823 701 3923 Agmina
734 3822 1146 3897 densentur
1182 3823 1478 3921 campis,
1525 3823 1954 3923 Argivaque
1989 3825 2240 3921 pubeS‚

370 3962 893 4056 Auruncaeque
926 3986 1209 4052 manuS,
1259 3960 1538 4052 Rutuli,
1584 3972 2018 4058 veteresque
2054 3962 2318 4053 Sicani,

371 4097 470 4171 Et
504 4078 843 4171 Sacrana)
884 4096 1101 4187 acieS,
1150 4109 1227 4170 et
1262 4096 1445 4203 picti
1480 4108 1696 4171 scuta
1732 4096 1988 4170 Labici
2008 4125 2028 4187 ;

374 4233 530 4318 Qui
564 4235 815 4326 saltus),
853 4232 1225 4326 Tiberine,
1270 4246 1457 4326 tum,
1504 4258 1942 4332 sacrumque
1981 4236 2291 4309 Numici
