3234 5334
629 665 765 731 158
1472 658 1563 731 AE
1588 658 1664 730 N
1691 657 1753 731 E
1775 658 1812 730 I
1839 656 1902 729 S.
2493 682 2558 729 v.
2598 664 2760 735 587.

380 872 387 879 ·
474 880 485 895 “
614 850 717 926 Et
752 850 997 927 media
1031 854 1317 929 adversi
1354 853 1762 951 liquefacto
1795 865 2133 953 tempora
2164 851 2470 951 plumbo

614 990 930 1083 Diffidit,
981 1016 1068 1065 ac
1112 993 1349 1064 multa
1382 982 1809 1090 porrectum
1845 991 2190 1065 extendit
2225 976 2472 1064 arena.

612 1129 807 1202 Tum
842 1130 1160 1227 primum
1197 1130 1393 1203 bello
1430 1130 1748 1203 celerem
1785 1128 2192 1202 intendisse
2229 1127 2576 1226 sagittam

615 1264 937 1357 Dicitur,
986 1280 1163 1341 ante
1197 1267 1391 1341 feras
1436 1267 1694 1340 solitus
1731 1279 2010 1341 terrere
2043 1266 2374 1365 fugaceS,

614 1404 1001 1497 Ascanius,
1044 1404 1464 1503 fortemque
1500 1430 1731 1478 manu
1763 1402 2041 1478 fudisse
2077 1404 2540 1493 Numanum,

536 1554 543 1561 ’
618 1542 765 1615 Cui
800 1544 1115 1617 Remulo
1152 1567 1572 1642 cognomen
1612 1554 1792 1634 erat,
1829 1541 2211 1640 Turnique
2247 1540 2609 1615 minorem

521 1661 561 1727 ⁵·
617 1679 1097 1774 Germanam,
1144 1706 1385 1779 nuper
1417 1682 1746 1753 thalamo
1779 1679 2122 1770 sociatus,
2171 1677 2515 1752 habebat.

615 1817 691 1889 Is
724 1816 1037 1915 primam
1074 1829 1251 1891 ante
1287 1818 1545 1909 aciem,
1592 1817 1826 1915 digna
1861 1830 2084 1915 atque
2119 1815 2436 1914 indigna
2473 1816 2710 1889 relatu

364 1965 371 1972 ‘
504 2008 507 2012 -
613 1953 1078 2046 vociferans,
1127 1954 1601 2051 tumidusque
1645 1978 1839 2027 novo
1873 1954 2278 2054 praecordia
2313 1977 2568 2051 regnu,

614 2090 809 2184 Ibat,
858 2103 933 2165 et
969 2093 1357 2191 ingentem
1392 2118 1551 2167 sese
1596 2094 1919 2166 clamore
1953 2092 2281 2166 ferebat:

764 2224 1215 2327 Non'pudet
1248 2230 1633 2303 obsidione
1671 2230 1942 2303 iterum
1978 2216 2319 2327 valloque
2354 2230 2614 2325 teneri,

618 2364 739 2439 Bis
774 2367 975 2465 capti
1012 2368 1364 2467 Pluyges,
1412 2380 1489 2441 et
1525 2367 1760 2440 Marti
1795 2368 2254 2465 praetendere
2289 2368 2580 2442 muros?

614 2502 731 2577 En
768 2505 897 2602 qui
931 2518 1185 2579 nostra
1218 2504 1354 2579 sibi
1392 2504 1586 2579 bello
1623 2506 2001 2579 connubia
2035 2507 2388 2603 poscunt!

617 2642 807 2727 Quis
842 2644 1024 2718 deus
1062 2643 1379 2734 Italiam,
1426 2669 1588 2741 quae
1624 2668 1752 2716 vos
1787 2644 2168 2717 dementia
2205 2641 2504 2741 adegit?

618 2780 956 2853 Non-hic
991 2780 1292 2871 Atridae,
1337 2806 1481 2853 nec
1516 2780 1728 2852 fandi
1764 2782 1980 2853 fictor
2008 2781 2313 2877 Ulyxes.

615 2916 1043 2992 Durum'ab
1078 2918 1303 3017 stirpe
1340 2943 1599 3017 genus,
1647 2927 1862 2990 natos
1899 2918 1993 2992 ad
2030 2919 2340 2991 flumina
2372 2918 2692 3016 primum
2741 2892 2748 2899 ⁹

616 3054 1063 3146 Deferimus,
1110 3081 1442 3153 saevoque
1478 3057 1654 3155 gelu
1689 3056 2039 3129 duramus
2075 3068 2152 3129 et
2185 3055 2443 3130 undis:

614 3193 920 3266 Venatu
958 3193 1358 3292 invigilant
1391 3194 1624 3291 pueri,
1672 3194 2058 3291 sylvasque
2093 3193 2456 3292 fatigant:
2529 3242 2534 3247 -
2597 3232 2605 3237 ·

614 3330 948 3405 Flectere
984 3308 1203 3403 ludus
1240 3355 1485 3429 equOS,
1534 3343 1611 3404 et
1645 3331 1928 3429 spicula
1963 3331 2271 3405 tendere
2317 3356 2571 3406 cornu.

613 3469 719 3542 At
753 3468 1043 3566 patiens
1078 3492 1384 3566 operum
1420 3494 1793 3567 parvoque
1829 3482 2119 3543 assueta
2139 3468 2520 3567 juventus,

614 3608 771 3679 Aut
804 3606 1057 3679 rastris
1092 3617 1367 3679 terram
1401 3607 1682 3699 domat,
1729 3618 1860 3680 aut
1895 3608 2138 3705 quatit
2171 3608 2439 3706 oppida
2473 3592 2687 3683 bello.

615 3743 861 3817 Omne
897 3768 1134 3817 aevum
1168 3741 1366 3815 ferro
1401 3743 1671 3817 teritur
1689 3773 1707 3835 ;
1767 3769 2123 3843 versaque
2146 3744 2556 3843 juvencum

502 3974 511 3978 ἱ
606 3882 861 3978 Terga
891 3879 1295 3979 fatigamus
1330 3881 1581 3955 hasta:
1637 3907 1783 3955 nec
1817 3884 2032 3955 tarda
2067 3896 2413 3957 senectus

615 4018 983 4092 Debilitat
1019 4020 1211 4091 vires
1248 4018 1499 4111 animi,
1548 4033 1938 4117 mutatque
1973 4022 2346 4119 vigorem3

618 4156 993 4229 Canitiem
1029 4158 1245 4255 galea
1278 4157 1717 4256 premimus3
1775 4184 2210 4257 semperque
2245 4151 2586 4235 recentes

619 4293 1106 4391 Comportare
1130 4282 1361 4392 juvat
1385 4294 1692 4394 praedas,
1739 4308 1816 4369 et
1849 4296 2097 4372 vivere
2140 4310 2372 4395 rapto·
