3234 5334
430 725 497 774 v.
536 701 699 774 668.
1188 701 1575 775 LIBER
1653 695 1814 774 ‘XL
2445 713 2588 786 229

428 897 733 971 Mandit
760 899 1090 996 humum,
1126 899 1593 995 moriensque
1624 923 1757 972 suo
1786 921 1863 971 se
1895 897 1972 972 in
2001 899 2308 972 vulnere
2335 909 2599 973 versat.

421 1033 614 1107 Tum
644 1035 892 1126 Lirim,
921 1036 1433 1134 Pagasumque
1462 1062 1683 1134 super
1700 1065 1718 1126 3
1756 1061 2072 1132 quorum
2103 1037 2292 1110 alter
2311 1037 2637 1110 habenas

423 1171 743 1246 Suffosso
775 1174 1151 1246 revolutus
1188 1197 1378 1270 equo
1410 1173 1599 1247 dum=
1633 1173 1944 1273 colligit,
1983 1175 2173 1247 alter

422 1308 628 1382 Dum
668 1311 885 1402 subit,
936 1336 1023 1384 ac
1060 1311 1406 1384 dextram
1442 1311 1725 1384 labenti
1765 1312 2011 1384 tendit
2047 1312 2428 1403 inermem,

424 1446 845 1545 Praecipites
880 1450 1302 1546 pariterque
1340 1459 1593 1522 ruunt.
1709 1449 1846 1521 His
1882 1449 2090 1522 addit
2125 1452 2552 1524 Amastrum

423 1585 944 1684 Hippotaden3
1002 1588 1482 1684 sequiturque
1521 1587 1963 1660 incumbens
2001 1587 2288 1660 eminus
2325 1588 2538 1660 hasta

418 1724 822 1821 Tereaque,
873 1725 1550 1822 Harpalycumque,
1600 1736 1678 1796 et
1715 1724 2308 1822 Demophoonta,
2353 1725 2585 1798 Chro-

567 1864 931 1959 mimque:

420 1998 773 2096 Quotque
810 2001 1072 2074 emissa
1104 2028 1333 2077 manu
1370 2003 1732 2097 contorsit
1767 2003 2050 2101 spicula
2083 2001 2317 2099 virg0,

416 2137 561 2211 Tot
598 2138 901 2239 Phrygii
942 2141 1279 2215 cecidere
1314 2143 1471 2215 viri.
1584 2143 1852 2216 Procul
1891 2142 2224 2238 Ornytus
2266 2139 2484 2212 armis

418 2273 709 2374 Ignotis
746 2290 821 2349 et
858 2302 1049 2373 equo
1085 2291 1397 2352 venator
1434 2279 1718 2378 Iapyge
1751 2279 2026 2352 fertur:

419 2412 563 2486 Cui
600 2415 808 2511 pellis
846 2417 1033 2488 latos
1072 2418 1415 2490 humeros
1454 2429 1712 2514 erepta
1734 2416 2067 2514 juvenco

417 2551 827 2651 Pugnatori
863 2555 1137 2652 operit3
1200 2569 1425 2654 caput
1461 2555 1728 2654 ingens
1767 2556 1909 2627 oris
1945 2553 2188 2627 hiatus

415 2689 513 2762 Et
547 2691 757 2764 malae
792 2704 1049 2766 texere
1085 2694 1241 2790 lupi
1276 2718 1445 2766 cum
1484 2693 1834 2766 dentibus
1880 2691 2061 2766 albis
2079 2719 2100 2782 ;

412 2828 894 2927 Agrestisque
930 2854 1194 2904 manus
1231 2842 1469 2904 armat
1504 2852 1798 2928 sparus:
1857 2829 2010 2927 ipse
2047 2827 2362 2902 catervis

413 2966 759 3039 Vertitur
792 2969 867 3039 in
906 2969 1189 3059 mediis,
1238 2981 1313 3042 et
1348 2981 1509 3042 toto
1544 2967 1826 3041 vertice
1861 2991 2084 3064 supra
2121 2978 2252 3039 est.

322 3183 331 3190 ,
414 3104 643 3178 Hunc
675 3105 801 3177 illa
828 3117 1249 3203 exceptum,
1286 3130 1529 3203 neque
1560 3106 1762 3179 enim
1793 3105 2001 3177 labor
2029 3103 2328 3203 agmine
2355 3125 2614 3193 verse,-

410 3241 740 3340 Trajicit,
790 3255 865 3316 et
900 3269 1121 3343 super
1152 3245 1309 3316 haec
1346 3244 1652 3317 inimico
1686 3255 1988 3340 pectore
2025 3241 2266 3314 fatur:

413 3379 645 3476 Sylvis
682 3393 778 3470 te,
824 3382 1231 3478 Tyrrhene,
1278 3381 1471 3455 feras
1510 3382 1798 3479 agitare
1831 3379 2154 3478 putasti?

409 3518 742 3593 Advenit
778 3518 903 3616 qui
941 3531 1187 3593 vestra
1219 3519 1377 3592 dies
1410 3519 1893 3593 muliebribus
1933 3517 2154 3590 armis

406 3655 663 3729 Verba
696 3657 1181 3756 redarguerit.
1245 3659 1545 3731 Nomen
1578 3669 1833 3731 tamen
1865 3656 2067 3732 haud
2096 3656 2258 3728 leve
2287 3666 2584 3754 patrum

411 3793 767 3868 Manibus
804 3797 948 3869 hoc
984 3783 1279 3887 referes,
1326 3797 1478 3869 telo
1514 3795 1870 3868 cecidisse
1906 3793 2255 3867 Camillae.

411 3930 775 4004 Protenus
802 3932 1274 4006 Orsilochum
1304 3945 1380 4006 et
1406 3933 1672 4023 Buten,
1699 3933 1850 4006 duo
1879 3932 2208 4004 maxima
2221 3931 2592 4004 Teucrum

286 4063 293 4076 ’
414 4069 779 4166 Corpora:
838 4071 969 4144 sed
1006 4071 1249 4146 Buten
1287 4097 1627 4145 aversum
1665 4070 1968 4168 cuspide
2003 4071 2172 4143 fixit

412 4204 754 4280 Loricam
789 4209 1227 4306 galeamque
1270 4209 1486 4300 inter,
1533 4234 1684 4305 qua
1719 4209 1910 4281 colla
1943 4207 2268 4280 sedentis

414 4343 729 4436 Lucent‚
778 4359 853 4418 et
890 4346 1069 4419 laevo
1106 4347 1481 4444 dependet
1519 4369 1776 4445 parma
1813 4346 2129 4419 lacerto:
