<?xml version="1.0" encoding="UTF-8"?>
<!DOCTYPE html PUBLIC "-//W3C//DTD XHTML 1.0 Transitional//EN"
    "http://www.w3.org/TR/xhtml1/DTD/xhtml1-transitional.dtd">
<html xmlns="http://www.w3.org/1999/xhtml" xml:lang="en" lang="en">
 <head>
  <title>
</title>
<meta http-equiv="Content-Type" content="text/html;charset=utf-8" />
  <meta name='ocr-system' content='tesseract 3.04.00' />
  <meta name='ocr-capabilities' content='ocr_page ocr_carea ocr_par ocr_line ocrx_word'/>
</head>
<body>
  <div class='ocr_page' id='page_1' title='image "./publiusvergiliu01virggoog_0029.png"; bbox 0 0 3234 5334; ppageno 0'>
   <div class='ocr_carea' id='block_1_1' title="bbox 645 641 2819 724">
    <p class='ocr_par' dir='ltr' id='par_1_1' title="bbox 645 641 2819 724">
     <span class='ocr_line' id='line_1_1' title="bbox 645 641 2819 724; baseline -0.004 -2"><span class='ocrx_word' id='word_1_1' title='bbox 645 655 746 724; x_wconf 79' lang='lat'>20</span> <span class='ocrx_word' id='word_1_2' title='bbox 1507 643 1600 718; x_wconf 86' lang='lat' dir='ltr'>AE</span> <span class='ocrx_word' id='word_1_3' title='bbox 1623 643 1703 718; x_wconf 92' lang='lat' dir='ltr'>N</span> <span class='ocrx_word' id='word_1_4' title='bbox 1728 641 1793 718; x_wconf 86' lang='lat' dir='ltr'><strong>E</strong></span> <span class='ocrx_word' id='word_1_5' title='bbox 1816 641 1855 715; x_wconf 97' lang='lat' dir='ltr'>I</span> <span class='ocrx_word' id='word_1_6' title='bbox 1880 641 1947 716; x_wconf 89' lang='lat' dir='ltr'>S.</span> <span class='ocrx_word' id='word_1_7' title='bbox 2536 664 2607 714; x_wconf 86' lang='lat' dir='ltr'>v.</span> <span class='ocrx_word' id='word_1_8' title='bbox 2645 644 2819 722; x_wconf 79' lang='lat'><strong>477.</strong></span> 
     </span>
    </p>
   </div>
   <div class='ocr_carea' id='block_1_2' title="bbox 547 837 2847 4404">
    <p class='ocr_par' dir='ltr' id='par_1_2' title="bbox 547 837 2847 4404">
     <span class='ocr_line' id='line_1_2' title="bbox 649 837 2640 942; baseline -0.003 -23"><span class='ocrx_word' id='word_1_9' title='bbox 649 844 808 930; x_wconf 86' lang='lat' dir='ltr'>Qui</span> <span class='ocrx_word' id='word_1_10' title='bbox 843 843 1129 919; x_wconf 88' lang='lat' dir='ltr'>donum</span> <span class='ocrx_word' id='word_1_11' title='bbox 1166 840 1514 919; x_wconf 77' lang='lat' dir='ltr'><strong>adstabat</strong></span> <span class='ocrx_word' id='word_1_12' title='bbox 1547 867 1859 942; x_wconf 80' lang='lat' dir='ltr'>pugnae3</span> <span class='ocrx_word' id='word_1_13' title='bbox 1916 837 2289 938; x_wconf 86' lang='lat' dir='ltr'>durosque</span> <span class='ocrx_word' id='word_1_14' title='bbox 2322 839 2640 914; x_wconf 88' lang='lat' dir='ltr'>reducta</span> 
     </span>
     <span class='ocr_line' id='line_1_3' title="bbox 651 979 2419 1058; baseline -0.003 0"><span class='ocrx_word' id='word_1_15' title='bbox 651 982 991 1058; x_wconf 86' lang='lat' dir='ltr'>Libravit</span> <span class='ocrx_word' id='word_1_16' title='bbox 1023 981 1296 1058; x_wconf 84' lang='lat' dir='ltr'>dextra</span> <span class='ocrx_word' id='word_1_17' title='bbox 1329 979 1582 1056; x_wconf 84' lang='lat' dir='ltr'>media</span> <span class='ocrx_word' id='word_1_18' title='bbox 1615 979 1819 1055; x_wconf 88' lang='lat' dir='ltr'>inter</span> <span class='ocrx_word' id='word_1_19' title='bbox 1850 1003 2139 1054; x_wconf 90' lang='lat' dir='ltr'>cornua</span> <span class='ocrx_word' id='word_1_20' title='bbox 2170 991 2419 1054; x_wconf 88' lang='lat' dir='ltr'>cestus</span> 
     </span>
     <span class='ocr_line' id='line_1_4' title="bbox 647 1118 2401 1219; baseline -0.001 -23"><span class='ocrx_word' id='word_1_21' title='bbox 647 1121 975 1214; x_wconf 84' lang='lat' dir='ltr'><strong>Arduus,</strong></span> <span class='ocrx_word' id='word_1_22' title='bbox 1021 1119 1483 1219; x_wconf 87' lang='lat' dir='ltr'>effractoque</span> <span class='ocrx_word' id='word_1_23' title='bbox 1517 1118 1725 1194; x_wconf 84' lang='lat' dir='ltr'>illisit</span> <span class='ocrx_word' id='word_1_24' title='bbox 1760 1118 1839 1192; x_wconf 94' lang='lat' dir='ltr'>in</span> <span class='ocrx_word' id='word_1_25' title='bbox 1874 1143 2039 1194; x_wconf 86' lang='lat' dir='ltr'>ossa</span> <span class='ocrx_word' id='word_1_26' title='bbox 2072 1118 2401 1194; x_wconf 89' lang='lat' dir='ltr'>cerebro.</span> 
     </span>
     <span class='ocr_line' id='line_1_5' title="bbox 649 1255 2837 1358; baseline -0.002 -24"><span class='ocrx_word' id='word_1_27' title='bbox 649 1259 1048 1354; x_wconf 84' lang='lat' dir='ltr'>Sternitur,</span> <span class='ocrx_word' id='word_1_28' title='bbox 1087 1258 1605 1358; x_wconf 81' lang='lat' dir='ltr'>exanimisque</span> <span class='ocrx_word' id='word_1_29' title='bbox 1632 1268 1964 1351; x_wconf 79' lang='lat' dir='ltr'>tremens</span> <span class='ocrx_word' id='word_1_30' title='bbox 1990 1255 2418 1358; x_wconf 89' lang='lat' dir='ltr'>procumbit</span> <span class='ocrx_word' id='word_1_31' title='bbox 2443 1255 2655 1333; x_wconf 90' lang='lat' dir='ltr'>humi</span> <span class='ocrx_word' id='word_1_32' title='bbox 2678 1255 2837 1330; x_wconf 88' lang='lat' dir='ltr'>bos.</span> 
     </span>
     <span class='ocr_line' id='line_1_6' title="bbox 649 1398 2267 1500; baseline -0.002 -26"><span class='ocrx_word' id='word_1_33' title='bbox 649 1399 793 1475; x_wconf 89' lang='lat' dir='ltr'>Ille</span> <span class='ocrx_word' id='word_1_34' title='bbox 827 1425 1050 1500; x_wconf 90' lang='lat' dir='ltr'>super</span> <span class='ocrx_word' id='word_1_35' title='bbox 1081 1400 1270 1474; x_wconf 88' lang='lat' dir='ltr'>tales</span> <span class='ocrx_word' id='word_1_36' title='bbox 1303 1398 1634 1474; x_wconf 88' lang='lat' dir='ltr'>effundit</span> <span class='ocrx_word' id='word_1_37' title='bbox 1664 1409 1971 1498; x_wconf 86' lang='lat' dir='ltr'>pectore</span> <span class='ocrx_word' id='word_1_38' title='bbox 2006 1421 2267 1474; x_wconf 93' lang='lat' dir='ltr'>voces:</span> 
     </span>
     <span class='ocr_line' id='line_1_7' title="bbox 651 1534 2847 1638; baseline -0.001 -26"><span class='ocrx_word' id='word_1_39' title='bbox 651 1538 878 1614; x_wconf 88' lang='lat' dir='ltr'>Hanc</span> <span class='ocrx_word' id='word_1_40' title='bbox 907 1537 1068 1632; x_wconf 86' lang='lat' dir='ltr'>tibi,</span> <span class='ocrx_word' id='word_1_41' title='bbox 1097 1537 1328 1637; x_wconf 84' lang='lat' dir='ltr'><strong>Eryx,</strong></span> <span class='ocrx_word' id='word_1_42' title='bbox 1351 1537 1739 1613; x_wconf 89' lang='lat' dir='ltr'>meliorem</span> <span class='ocrx_word' id='word_1_43' title='bbox 1768 1535 2097 1612; x_wconf 89' lang='lat' dir='ltr'>animam</span> <span class='ocrx_word' id='word_1_44' title='bbox 2120 1559 2255 1638; x_wconf 82' lang='lat' dir='ltr'>pm</span> <span class='ocrx_word' id='word_1_45' title='bbox 2276 1547 2519 1610; x_wconf 89' lang='lat' dir='ltr'>morte</span> <span class='ocrx_word' id='word_1_46' title='bbox 2540 1534 2847 1612; x_wconf 84' lang='lat' dir='ltr'>Daretis</span> 
     </span>
     <span class='ocr_line' id='line_1_8' title="bbox 650 1675 2539 1775; baseline -0.003 -21"><span class='ocrx_word' id='word_1_47' title='bbox 650 1675 1038 1754; x_wconf 85' lang='lat' dir='ltr'>Persolvo:</span> <span class='ocrx_word' id='word_1_48' title='bbox 1095 1677 1217 1752; x_wconf 78' lang='lat' dir='ltr'>hic</span> <span class='ocrx_word' id='word_1_49' title='bbox 1251 1675 1499 1752; x_wconf 88' lang='lat' dir='ltr'>victor</span> <span class='ocrx_word' id='word_1_50' title='bbox 1531 1686 1781 1751; x_wconf 90' lang='lat' dir='ltr'>cestus</span> <span class='ocrx_word' id='word_1_51' title='bbox 1816 1687 2203 1775; x_wconf 76' lang='lat' dir='ltr'>artemque</span> <span class='ocrx_word' id='word_1_52' title='bbox 2236 1699 2539 1774; x_wconf 82' lang='lat' dir='ltr'>repone.</span> 
     </span>
     <span class='ocr_line' id='line_1_9' title="bbox 801 1813 2385 1914; baseline -0.001 -24"><span class='ocrx_word' id='word_1_53' title='bbox 801 1815 1170 1891; x_wconf 88' lang='lat' dir='ltr'>Protenus</span> <span class='ocrx_word' id='word_1_54' title='bbox 1205 1815 1480 1889; x_wconf 89' lang='lat' dir='ltr'>AEneas</span> <span class='ocrx_word' id='word_1_55' title='bbox 1517 1813 1745 1889; x_wconf 90' lang='lat' dir='ltr'>celeri</span> <span class='ocrx_word' id='word_1_56' title='bbox 1780 1823 2072 1890; x_wconf 87' lang='lat' dir='ltr'>certare</span> <span class='ocrx_word' id='word_1_57' title='bbox 2104 1813 2385 1914; x_wconf 88' lang='lat' dir='ltr'>sagitta</span> 
     </span>
     <span class='ocr_line' id='line_1_10' title="bbox 653 1952 2411 2054; baseline 0.001 -27"><span class='ocrx_word' id='word_1_58' title='bbox 653 1953 944 2030; x_wconf 82' lang='lat' dir='ltr'>Invitat</span> <span class='ocrx_word' id='word_1_59' title='bbox 977 1955 1106 2054; x_wconf 91' lang='lat' dir='ltr'>qui</span> <span class='ocrx_word' id='word_1_60' title='bbox 1139 1953 1338 2030; x_wconf 86' lang='lat' dir='ltr'>forte</span> <span class='ocrx_word' id='word_1_61' title='bbox 1372 1953 1653 2044; x_wconf 88' lang='lat' dir='ltr'>velint;</span> <span class='ocrx_word' id='word_1_62' title='bbox 1712 1965 1792 2028; x_wconf 87' lang='lat' dir='ltr'>et</span> <span class='ocrx_word' id='word_1_63' title='bbox 1824 1952 2125 2052; x_wconf 82' lang='lat' dir='ltr'>praemia</span> <span class='ocrx_word' id='word_1_64' title='bbox 2158 1953 2411 2050; x_wconf 92' lang='lat' dir='ltr'>ponit:</span> 
     </span>
     <span class='ocr_line' id='line_1_11' title="bbox 653 2091 2369 2192; baseline -0.001 -26"><span class='ocrx_word' id='word_1_65' title='bbox 653 2091 1115 2192; x_wconf 85' lang='lat' dir='ltr'>Ingentique</span> <span class='ocrx_word' id='word_1_66' title='bbox 1152 2118 1384 2170; x_wconf 89' lang='lat' dir='ltr'>manu</span> <span class='ocrx_word' id='word_1_67' title='bbox 1421 2094 1705 2168; x_wconf 88' lang='lat' dir='ltr'>malum</span> <span class='ocrx_word' id='word_1_68' title='bbox 1738 2091 1833 2167; x_wconf 91' lang='lat' dir='ltr'>de</span> <span class='ocrx_word' id='word_1_69' title='bbox 1868 2115 2063 2166; x_wconf 89' lang='lat' dir='ltr'>nave</span> <span class='ocrx_word' id='word_1_70' title='bbox 2098 2091 2369 2168; x_wconf 86' lang='lat' dir='ltr'>Seresti</span> 
     </span>
     <span class='ocr_line' id='line_1_12' title="bbox 650 2227 2669 2331; baseline 0 -27"><span class='ocrx_word' id='word_1_71' title='bbox 650 2229 938 2331; x_wconf 80' lang='lat' dir='ltr'>Erigit3</span> <span class='ocrx_word' id='word_1_72' title='bbox 997 2241 1076 2306; x_wconf 92' lang='lat' dir='ltr'>et</span> <span class='ocrx_word' id='word_1_73' title='bbox 1109 2231 1494 2306; x_wconf 87' lang='lat' dir='ltr'>volucrem</span> <span class='ocrx_word' id='word_1_74' title='bbox 1529 2228 1849 2329; x_wconf 88' lang='lat' dir='ltr'>trajecto</span> <span class='ocrx_word' id='word_1_75' title='bbox 1884 2229 1965 2304; x_wconf 92' lang='lat' dir='ltr'>in</span> <span class='ocrx_word' id='word_1_76' title='bbox 1998 2228 2185 2305; x_wconf 90' lang='lat' dir='ltr'>fune</span> <span class='ocrx_word' id='word_1_77' title='bbox 2218 2227 2669 2321; x_wconf 80' lang='lat' dir='ltr'><strong>columbam,</strong></span> 
     </span>
     <span class='ocr_line' id='line_1_13' title="bbox 655 2367 2541 2468; baseline 0.001 -26"><span class='ocrx_word' id='word_1_78' title='bbox 655 2368 834 2453; x_wconf 86' lang='lat' dir='ltr'>Quo</span> <span class='ocrx_word' id='word_1_79' title='bbox 868 2368 1195 2444; x_wconf 82' lang='lat' dir='ltr'>tendant</span> <span class='ocrx_word' id='word_1_80' title='bbox 1224 2368 1532 2463; x_wconf 87' lang='lat' dir='ltr'>ferrum,</span> <span class='ocrx_word' id='word_1_81' title='bbox 1575 2368 1777 2444; x_wconf 87' lang='lat' dir='ltr'>malo</span> <span class='ocrx_word' id='word_1_82' title='bbox 1810 2367 2199 2468; x_wconf 83' lang='lat' dir='ltr'>suspendit</span> <span class='ocrx_word' id='word_1_83' title='bbox 2232 2367 2328 2443; x_wconf 92' lang='lat' dir='ltr'>ab</span> <span class='ocrx_word' id='word_1_84' title='bbox 2362 2369 2541 2444; x_wconf 76' lang='lat' dir='ltr'>alto·</span> 
     </span>
     <span class='ocr_line' id='line_1_14' title="bbox 654 2505 2411 2606; baseline -0.001 -25"><span class='ocrx_word' id='word_1_85' title='bbox 654 2506 1106 2582; x_wconf 89' lang='lat' dir='ltr'>Convenere</span> <span class='ocrx_word' id='word_1_86' title='bbox 1139 2507 1303 2601; x_wconf 90' lang='lat' dir='ltr'>viri,</span> <span class='ocrx_word' id='word_1_87' title='bbox 1351 2505 1874 2606; x_wconf 88' lang='lat' dir='ltr'>dejectamque</span> <span class='ocrx_word' id='word_1_88' title='bbox 1908 2531 2101 2583; x_wconf 83' lang='lat' dir='ltr'>aerea</span> <span class='ocrx_word' id='word_1_89' title='bbox 2132 2519 2411 2584; x_wconf 87' lang='lat' dir='ltr'>sortem</span> 
     </span>
     <span class='ocr_line' id='line_1_15' title="bbox 651 2644 2448 2746; baseline -0.001 -25"><span class='ocrx_word' id='word_1_90' title='bbox 651 2645 974 2746; x_wconf 87' lang='lat' dir='ltr'>Accepit</span> <span class='ocrx_word' id='word_1_91' title='bbox 1006 2647 1262 2746; x_wconf 83' lang='lat' dir='ltr'>galea:</span> <span class='ocrx_word' id='word_1_92' title='bbox 1319 2658 1399 2721; x_wconf 89' lang='lat' dir='ltr'>et</span> <span class='ocrx_word' id='word_1_93' title='bbox 1431 2645 1715 2745; x_wconf 88' lang='lat' dir='ltr'>primus</span> <span class='ocrx_word' id='word_1_94' title='bbox 1751 2647 2077 2722; x_wconf 88' lang='lat' dir='ltr'>clamore</span> <span class='ocrx_word' id='word_1_95' title='bbox 2110 2644 2448 2721; x_wconf 87' lang='lat' dir='ltr'>secundo</span> 
     </span>
     <span class='ocr_line' id='line_1_16' title="bbox 547 2753 2668 2886; baseline 0 -28"><span class='ocrx_word' id='word_1_96' title='bbox 547 2753 556 2762; x_wconf 42' lang='grc'><strong><em>’</em></strong></span> <span class='ocrx_word' id='word_1_97' title='bbox 657 2783 1096 2882; x_wconf 67' lang='lat' dir='ltr'>Hyrtacidae</span> <span class='ocrx_word' id='word_1_98' title='bbox 1129 2795 1310 2859; x_wconf 89' lang='lat' dir='ltr'>ante</span> <span class='ocrx_word' id='word_1_99' title='bbox 1344 2807 1604 2858; x_wconf 89' lang='lat' dir='ltr'>omnes</span> <span class='ocrx_word' id='word_1_100' title='bbox 1642 2783 1805 2858; x_wconf 88' lang='lat' dir='ltr'>exit</span> <span class='ocrx_word' id='word_1_101' title='bbox 1836 2784 2047 2858; x_wconf 88' lang='lat' dir='ltr'>locus</span> <span class='ocrx_word' id='word_1_102' title='bbox 2085 2783 2668 2886; x_wconf 86' lang='lat' dir='ltr'>Hippocoontis:</span> 
     </span>
     <span class='ocr_line' id='line_1_17' title="bbox 659 2921 2671 3009; baseline 0 -12"><span class='ocrx_word' id='word_1_103' title='bbox 659 2921 914 3009; x_wconf 88' lang='lat' dir='ltr'>Quem</span> <span class='ocrx_word' id='word_1_104' title='bbox 948 2923 1176 2998; x_wconf 90' lang='lat' dir='ltr'>modo</span> <span class='ocrx_word' id='word_1_105' title='bbox 1209 2923 1459 2999; x_wconf 90' lang='lat' dir='ltr'>navali</span> <span class='ocrx_word' id='word_1_106' title='bbox 1495 2923 1942 3000; x_wconf 88' lang='lat' dir='ltr'>Mnestheus</span> <span class='ocrx_word' id='word_1_107' title='bbox 1976 2924 2391 3000; x_wconf 85' lang='lat' dir='ltr'>certamine</span> <span class='ocrx_word' id='word_1_108' title='bbox 2424 2922 2671 3000; x_wconf 87' lang='lat' dir='ltr'>victor</span> 
     </span>
     <span class='ocr_line' id='line_1_18' title="bbox 660 3059 2575 3160; baseline 0.002 -26"><span class='ocrx_word' id='word_1_109' title='bbox 660 3059 1191 3160; x_wconf 88' lang='lat' dir='ltr'>Consequitur,</span> <span class='ocrx_word' id='word_1_110' title='bbox 1237 3060 1459 3136; x_wconf 90' lang='lat' dir='ltr'>viridi</span> <span class='ocrx_word' id='word_1_111' title='bbox 1495 3061 1943 3138; x_wconf 88' lang='lat' dir='ltr'>Mnestheus</span> <span class='ocrx_word' id='word_1_112' title='bbox 1980 3063 2323 3139; x_wconf 87' lang='lat' dir='ltr'>evinctus</span> <span class='ocrx_word' id='word_1_113' title='bbox 2358 3063 2575 3139; x_wconf 85' lang='lat' dir='ltr'>oliva.</span> 
     </span>
     <span class='ocr_line' id='line_1_19' title="bbox 655 3199 2481 3299; baseline 0.003 -26"><span class='ocrx_word' id='word_1_114' title='bbox 655 3199 954 3278; x_wconf 86' lang='lat' dir='ltr'>Tertius</span> <span class='ocrx_word' id='word_1_115' title='bbox 990 3199 1383 3299; x_wconf 84' lang='lat' dir='ltr'>Eurytion,</span> <span class='ocrx_word' id='word_1_116' title='bbox 1431 3211 1630 3293; x_wconf 88' lang='lat' dir='ltr'>tuus,</span> <span class='ocrx_word' id='word_1_117' title='bbox 1674 3226 1721 3275; x_wconf 95' lang='lat' dir='ltr'>o</span> <span class='ocrx_word' id='word_1_118' title='bbox 1754 3201 2181 3294; x_wconf 84' lang='lat' dir='ltr'>clarissime,</span> <span class='ocrx_word' id='word_1_119' title='bbox 2224 3199 2481 3294; x_wconf 84' lang='lat' dir='ltr'>frater,</span> 
     </span>
     <span class='ocr_line' id='line_1_20' title="bbox 656 3336 2739 3437; baseline 0 -23"><span class='ocrx_word' id='word_1_120' title='bbox 656 3336 1024 3431; x_wconf 86' lang='lat' dir='ltr'>Pandare,</span> <span class='ocrx_word' id='word_1_121' title='bbox 1069 3337 1199 3436; x_wconf 92' lang='lat' dir='ltr'>qui</span> <span class='ocrx_word' id='word_1_122' title='bbox 1234 3338 1639 3437; x_wconf 87' lang='lat' dir='ltr'>quondam,</span> <span class='ocrx_word' id='word_1_123' title='bbox 1688 3337 1939 3437; x_wconf 89' lang='lat' dir='ltr'>jussus</span> <span class='ocrx_word' id='word_1_124' title='bbox 1972 3339 2444 3419; x_wconf 87' lang='lat' dir='ltr'>confundere</span> <span class='ocrx_word' id='word_1_125' title='bbox 2476 3337 2739 3432; x_wconf 85' lang='lat' dir='ltr'>foedus,</span> 
     </span>
     <span class='ocr_line' id='line_1_21' title="bbox 653 3475 2364 3579; baseline 0.002 -29"><span class='ocrx_word' id='word_1_126' title='bbox 653 3475 753 3550; x_wconf 86' lang='lat' dir='ltr'>In</span> <span class='ocrx_word' id='word_1_127' title='bbox 786 3475 1072 3552; x_wconf 90' lang='lat' dir='ltr'>medios</span> <span class='ocrx_word' id='word_1_128' title='bbox 1108 3478 1346 3552; x_wconf 91' lang='lat' dir='ltr'>telum</span> <span class='ocrx_word' id='word_1_129' title='bbox 1382 3477 1662 3554; x_wconf 87' lang='lat' dir='ltr'>torsisti</span> <span class='ocrx_word' id='word_1_130' title='bbox 1697 3477 1979 3579; x_wconf 90' lang='lat' dir='ltr'>primus</span> <span class='ocrx_word' id='word_1_131' title='bbox 2013 3477 2364 3557; x_wconf 86' lang='lat' dir='ltr'>Achivos.</span> 
     </span>
     <span class='ocr_line' id='line_1_22' title="bbox 653 3613 2402 3716; baseline -0.001 -24"><span class='ocrx_word' id='word_1_132' title='bbox 653 3613 1060 3706; x_wconf 84' lang='lat' dir='ltr'>Extremus</span> <span class='ocrx_word' id='word_1_133' title='bbox 1093 3617 1462 3716; x_wconf 86' lang='lat' dir='ltr'>galeaque</span> <span class='ocrx_word' id='word_1_134' title='bbox 1498 3614 1651 3692; x_wconf 82' lang='lat' dir='ltr'>ima</span> <span class='ocrx_word' id='word_1_135' title='bbox 1682 3615 2019 3692; x_wconf 88' lang='lat' dir='ltr'>subsedit</span> <span class='ocrx_word' id='word_1_136' title='bbox 2049 3617 2402 3708; x_wconf 83' lang='lat' dir='ltr'>Acestes3</span> 
     </span>
     <span class='ocr_line' id='line_1_23' title="bbox 654 3752 2611 3856; baseline 0.003 -29"><span class='ocrx_word' id='word_1_137' title='bbox 654 3752 906 3828; x_wconf 89' lang='lat' dir='ltr'>Ausus</span> <span class='ocrx_word' id='word_1_138' title='bbox 940 3767 1020 3830; x_wconf 98' lang='lat' dir='ltr'>et</span> <span class='ocrx_word' id='word_1_139' title='bbox 1053 3754 1212 3856; x_wconf 90' lang='lat' dir='ltr'>ipse</span> <span class='ocrx_word' id='word_1_140' title='bbox 1247 3779 1480 3830; x_wconf 89' lang='lat' dir='ltr'>manu</span> <span class='ocrx_word' id='word_1_141' title='bbox 1502 3752 1876 3854; x_wconf 89' lang='lat' dir='ltr'>juvenum</span> <span class='ocrx_word' id='word_1_142' title='bbox 1907 3765 2205 3831; x_wconf 88' lang='lat' dir='ltr'>tentare</span> <span class='ocrx_word' id='word_1_143' title='bbox 2236 3753 2611 3834; x_wconf 64' lang='lat' dir='ltr'>laborenu‘</span> 
     </span>
     <span class='ocr_line' id='line_1_24' title="bbox 654 3889 2429 3971; baseline 0.003 -6"><span class='ocrx_word' id='word_1_144' title='bbox 654 3889 852 3966; x_wconf 86' lang='lat' dir='ltr'>Turn</span> <span class='ocrx_word' id='word_1_145' title='bbox 885 3891 1152 3968; x_wconf 89' lang='lat' dir='ltr'>validis</span> <span class='ocrx_word' id='word_1_146' title='bbox 1185 3893 1420 3970; x_wconf 85' lang='lat' dir='ltr'>flexos</span> <span class='ocrx_word' id='word_1_147' title='bbox 1454 3893 1863 3971; x_wconf 88' lang='lat' dir='ltr'>incurvant</span> <span class='ocrx_word' id='word_1_148' title='bbox 1896 3893 2176 3970; x_wconf 86' lang='lat' dir='ltr'>viribus</span> <span class='ocrx_word' id='word_1_149' title='bbox 2211 3919 2429 3970; x_wconf 87' lang='lat' dir='ltr'>arcus</span> 
     </span>
     <span class='ocr_line' id='line_1_25' title="bbox 653 4027 2702 4132; baseline 0.004 -31"><span class='ocrx_word' id='word_1_150' title='bbox 653 4027 801 4102; x_wconf 93' lang='lat' dir='ltr'>Pro</span> <span class='ocrx_word' id='word_1_151' title='bbox 835 4053 914 4104; x_wconf 89' lang='lat' dir='ltr'>se</span> <span class='ocrx_word' id='word_1_152' title='bbox 948 4029 1262 4130; x_wconf 90' lang='lat' dir='ltr'>quisque</span> <span class='ocrx_word' id='word_1_153' title='bbox 1295 4029 1461 4124; x_wconf 89' lang='lat' dir='ltr'>viri,</span> <span class='ocrx_word' id='word_1_154' title='bbox 1506 4043 1586 4107; x_wconf 89' lang='lat' dir='ltr'>et</span> <span class='ocrx_word' id='word_1_155' title='bbox 1619 4031 2073 4131; x_wconf 84' lang='lat' dir='ltr'>depromunt</span> <span class='ocrx_word' id='word_1_156' title='bbox 2105 4034 2259 4111; x_wconf 86' lang='lat' dir='ltr'>tela</span> <span class='ocrx_word' id='word_1_157' title='bbox 2290 4032 2702 4132; x_wconf 87' lang='lat' dir='ltr'>pharetris:</span> 
     </span>
     <span class='ocr_line' id='line_1_26' title="bbox 654 4164 2512 4272; baseline 0.002 -30"><span class='ocrx_word' id='word_1_158' title='bbox 654 4164 1053 4264; x_wconf 88' lang='lat' dir='ltr'>Primaque</span> <span class='ocrx_word' id='word_1_159' title='bbox 1087 4193 1224 4269; x_wconf 92' lang='lat' dir='ltr'>per</span> <span class='ocrx_word' id='word_1_160' title='bbox 1257 4170 1528 4244; x_wconf 83' lang='lat' dir='ltr'>coelum</span> <span class='ocrx_word' id='word_1_161' title='bbox 1563 4192 1800 4245; x_wconf 89' lang='lat' dir='ltr'>nervo</span> <span class='ocrx_word' id='word_1_162' title='bbox 1830 4169 2197 4248; x_wconf 82' lang='lat' dir='ltr'>stridente</span> <span class='ocrx_word' id='word_1_163' title='bbox 2230 4170 2512 4272; x_wconf 86' lang='lat' dir='ltr'>sagitta</span> 
     </span>
     <span class='ocr_line' id='line_1_27' title="bbox 658 4303 2529 4404; baseline 0.002 -24"><span class='ocrx_word' id='word_1_164' title='bbox 658 4303 1094 4403; x_wconf 67' lang='lat' dir='ltr'>Hyrtacidae</span> <span class='ocrx_word' id='word_1_165' title='bbox 1115 4305 1419 4404; x_wconf 89' lang='lat' dir='ltr'>juvenis</span> <span class='ocrx_word' id='word_1_166' title='bbox 1453 4309 1796 4386; x_wconf 87' lang='lat' dir='ltr'>volucres</span> <span class='ocrx_word' id='word_1_167' title='bbox 1829 4307 2257 4388; x_wconf 87' lang='lat' dir='ltr'>diverberat</span> <span class='ocrx_word' id='word_1_168' title='bbox 2290 4325 2529 4401; x_wconf 86' lang='lat' dir='ltr'>auras,</span> 
     </span>
    </p>
   </div>
  </div>
 </body>
</html>
