3234 5334
382 682 447 731 v.
484 662 646 731 204.
1124 656 1515 731 LIBER
1612 654 1792 730 VII.
2449 668 2534 733 81

378 856 624 953 Atque
658 855 1006 954 equidem
1040 856 1349 928 memini
1390 854 1630 951 (fama
1663 868 1778 929 est
1809 856 2196 931 obscurior
2229 856 2486 954 annis)

375 995 769 1077 Auruncos
807 993 913 1068 ita
942 993 1139 1067 ferre
1172 1018 1423 1085 senes;
1482 996 1595 1067 his
1629 1008 1837 1068 ortus
1873 1008 1960 1069 ut
1995 996 2194 1094 agris

376 1134 775 1207 Dardanus
812 1133 1045 1207 Idaeas
1078 1134 1421 1232 Phrygiae
1458 1135 1872 1233 penetrarit
1909 1134 2004 1206 ad
2039 1134 2280 1225 urbes,

373 1272 939 1370 Threiciamque
966 1272 1285 1363 Samum,
1318 1298 1481 1369 quae
1512 1298 1722 1346 nunc
1749 1274 2263 1347 Samothracia
2285 1271 2548 1347 fertur.

263 1482 277 1491 ,
374 1410 575 1483 Hinc
610 1411 823 1483 illum
852 1410 1166 1509 Corythi
1200 1411 1591 1508 Tyrrhena
1623 1411 1718 1483 ab
1753 1411 1930 1485 sede
1963 1409 2386 1509 profectum

368 1549 621 1621 Aurea
654 1574 863 1623 nunc
896 1550 1080 1622 solio
1114 1550 1479 1623 stellantis
1516 1549 1726 1648 regia
1759 1549 1927 1622 coeli

366 1687 689 1791 Accipit,
736 1701 815 1761 et
848 1712 1245 1762 numerum
1278 1688 1619 1761 divorum
1653 1688 2011 1761 altaribus
2047 1687 2278 1761 addit.

512 1826 872 1916 Dixerat3
930 1840 1007 1899 et
1038 1827 1247 1900 dicta
1282 1826 1611 1901 Ilioneus
1649 1828 1756 1900 sic
1791 1850 1977 1899 voce
2013 1838 2354 1899 secutus:
2413 1864 2420 1871 ·

364 1965 552 2055 Rex,
598 1990 839 2063 genus
873 1967 1265 2065 egregium
1298 1965 1557 2053 Fauni,
1600 1991 1748 2039 nec
1783 1965 2134 2040 fluctibus
2171 1977 2378 2039 actos

362 2104 549 2175 Atra
583 2102 885 2201 subegit
918 2104 1154 2176 hiems
1187 2104 1450 2177 vestris
1486 2104 1890 2177 succedere
1925 2105 2179 2194 terris3

364 2242 533 2315 Nec
567 2240 771 2313 sidus
804 2242 1113 2341 regione
1148 2243 1285 2316 viae
1316 2242 1622 2315 littusve
1653 2240 1947 2316 fefellit.

362 2378 697 2453 Consilio
728 2381 928 2453 hanc
962 2404 1221 2455 omnes
1256 2380 1670 2479 animisque
1703 2380 2128 2454 volentibus
2169 2382 2426 2455 urbem

361 2518 789 2610 Afferimur,
833 2520 1024 2616 pulsi
1059 2519 1331 2617 regnis,
1378 2545 1541 2617 quae
1573 2520 1905 2591 maxima
1939 2519 2318 2615 quondam

358 2646 723 2734 Extremo
756 2659 1065 2731 veniens
1104 2657 1213 2729 sol
1248 2656 1709 2754 adspiciebat
1743 2657 2085 2755 Olympo,

258 2890 267 2895 -
357 2794 473 2867 Ab
505 2796 703 2869 Jove
740 2794 1187 2893 principium
1225 2763 1559 2895 generis3
1614 2795 1808 2869 Jove
1844 2796 2206 2869 Dardana
2241 2795 2474 2893 pubes

358 2934 666 3008 Gaudet
701 2958 879 3007 avo:
932 2959 1071 3007 rex
1106 2935 1282 3031 ipse,
1326 2934 1373 3006 J
1381 2934 1537 3007 ovis
1575 2934 1671 3006 de
1706 2947 1938 3033 gente
1975 2926 2340 3032 suprema,

356 3072 615 3147 Troius
650 3075 923 3147 AEneas
958 3087 1091 3146 tua
1126 3098 1261 3146 nos
1298 3074 1395 3147 ad
1432 3074 1696 3147 limina
1727 3073 1950 3147 misit.

360 3213 671 3298 Quanta
704 3236 838 3309 per
871 3212 1105 3284 Idaeos
1140 3212 1347 3286 saevis
1382 3212 1619 3285 effusa
1657 3212 2006 3310 Mycenis

354 3352 786 3450 Tempestas
824 3351 996 3423 ierit
1032 3373 1348 3449 campoe,
1396 3350 1664 3461 quibus
1699 3362 1912 3424 actus
1947 3362 2262 3450 uterque

354 3490 667 3589 Europae
704 3500 929 3587 atque
960 3489 1155 3563 Asiae
1188 3486 1363 3561 fatis
1401 3490 1869 3562 concurrerit
1902 3488 2120 3582 orbiS,

354 3630 637 3720 Audiit,
686 3640 765 3701 et
798 3628 861 3700 si
895 3652 1117 3725 quem
1154 3628 1373 3701 tellus
1409 3640 1752 3701 extrema
1786 3626 2036 3700 refuso

354 3768 758 3843 Submovet
790 3790 1095 3857 ocean0,
1144 3774 1221 3839 et
1255 3764 1316 3837 si
1351 3790 1573 3863 quem
1609 3762 1928 3839 extenta
1960 3738 2349 3865 plagarum

357 3906 739 3991 Quattuor
772 3905 848 3978 in
884 3904 1133 3978 medio
1168 3903 1453 3976 dirimit
1484 3904 1710 4002 plaga
1744 3904 1914 3976 solis
1951 3902 2210 4002 iniqui.

352 4046 657 4119 Diluvio
694 4069 792 4117 ex
829 4041 956 4115 illo
990 4054 1107 4116 tot
1140 4055 1351 4116 vasta
1384 4068 1519 4141 per
1550 4066 1846 4139 aequora
1877 4043 2100 4133 vecti,

356 4182 487 4256 Dis
522 4183 779 4257 sedem
817 4180 1171 4281 exiguam
1208 4180 1486 4279 patriis,
1534 4180 1894 4277 littusque
1931 4172 2296 4277 rogamus'

356 4321 799 4414 Innocuum,
836 4334 913 4395 et·
937 4320 1231 4395 cunctis
1262 4319 1691 4415 undamque
1723 4342 2129 4415 auramque
2157 4328 2572 4415 patentem..

502 4478 533 4515 2
974 4460 981 4467 ’
2327 4463 2375 4509 G
