3234 5334
431 681 497 730 v.
539 667 701 732 823.
1209 625 1597 736 LIBER
1695 662 1794 734 X.
2449 673 2582 748 199

422 851 525 926 Et
558 865 886 929 mentem
922 857 1175 954 patriae
1208 858 1439 932 subiit
1472 858 1766 958 pietatis
1803 859 2088 958 imago:

424 990 631 1074 Quid
666 992 801 1066 tibi
838 1019 1065 1086 nunc,
1111 995 1527 1070 miserande
1560 1021 1766 1095 puer,
1809 1021 1944 1094 pro
1977 996 2320 1074 laudibus
2355 997 2530 1092 istis,

422 1127 629 1211 Quid
662 1099 1121 1227 pius'AEneas
1155 1143 1373 1206 tanta
1405 1132 1615 1208 dabit
1649 1133 1898 1207 indole
1935 1134 2296 1233 dignum?

412 1264 666 1357 Arma,
712 1268 975 1363 quibus
1012 1270 1318 1362 laetatus,
1364 1270 1556 1346 habe
1590 1283 1724 1344 tua
1739 1300 1759 1361 ;
1818 1283 2040 1368 teque
2075 1283 2469 1369 parentum

416 1403 771 1479 Manibus
808 1419 885 1482 et
918 1408 1172 1500 cineri,
1220 1409 1281 1482 si
1316 1435 1462 1506 qua
1496 1421 1607 1484 est
1643 1435 1732 1488 ea
1767 1433 1965 1502 cura,
2011 1410 2332 1486 remitto,

412 1541 583 1614 Hoc
619 1555 871 1618 tamen
906 1545 1173 1620 infelix
1206 1548 1547 1620 miseram
1582 1547 1914 1620 solabere
1947 1560 2261 1620 mortem
2278 1576 2300 1638 3

406 1679 658 1753 AEneae
691 1682 948 1781 magni
982 1683 1254 1756 dextra
1286 1683 1510 1758 cadis,
1622 1684 1976 1782 Increpat
2010 1685 2208 1757 ultro

410 1814 878 1892 Cunctantes
911 1821 1167 1912 socios,
1218 1833 1293 1894 et
1328 1833 1528 1894 terra
1558 1821 1898 1894 sublevat
1935 1821 2194 1919 ipsum,

404 1953 783 2052 Sanguine
816 1969 1247 2054 turpantem
1286 1970 1615 2056 comptos
1653 1959 1748 2032 de
1783 1983 1986 2031 more
2031 1958 2354 2056 capillos,

549 2092 853 2166 Interea
884 2095 1185 2192 genitor
1209 2095 1541 2169 Tiberini
1578 2095 1673 2168 ad
1709 2097 2030 2169 fluminis
2065 2097 2348 2170 undam

396 2228 738 2302 Vulnera
770 2231 1098 2305 siccabat
1133 2233 1471 2330 lymphis,
1518 2211 1930 2332 corpusque
1967 2233 2284 2324 levabat,

393 2365 701 2439 Arboris
742 2368 1049 2441 acclinis
1078 2380 1353 2442 trunco
1372 2397 1389 2442 z
1408 2377 1423 2393 ⁶
1445 2371 1706 2467 procul
1740 2395 1927 2442 aerea
1958 2370 2179 2442 ramis
2215 2337 2224 2344 ³

394 2502 799 2600 Dependet
832 2506 1065 2603 galea,
1113 2517 1191 2579 et
1222 2519 1436 2604 prato
1470 2507 1728 2605 gravia
1761 2531 1968 2579 arma
2003 2507 2420 2604 quiescunt.

391 2640 610 2714 Stant
642 2629 821 2716 lecti
856 2643 1137 2716 circum
1162 2642 1513 2741 juvenes:
1572 2645 1726 2741 ipse
1763 2669 1976 2743 aeger,
2025 2646 2406 2736 anhelam,

395 2778 611 2852 Colla
642 2779 867 2872 fovet,
912 2780 1117 2855 fusus
1153 2807 1557 2881 propexam
1594 2782 1672 2855 in
1709 2795 2012 2879 pectore
2047 2781 2377 2856 barbam.

391 2916 645 2990 Multa
678 2913 897 3016 super
931 2917 1171 2992 Lauso
1205 2919 1502 3018 rogitat,
1549 2921 2018 3016 multumque
2053 2919 2374 2992 remittit

388 3041 545 3139 Qui
581 3068 956 3147 revocent,
1006 3058 1381 3154 maestique
1415 3055 1665 3129 ferant
1699 3057 2058 3130 mandata
2090 3055 2444 3153 parentis,
2571 3144 2576 3150 ο

384 3192 489 3264 At
527 3192 851 3267 Lausum
888 3189 1070 3266 socii
1104 3170 1525 3266 ‘exanimem
1566 3218 1790 3290 super
1823 3217 2028 3265 arma
2059 3191 2406 3265 ferebant

384 3329 699 3421 Flentes,
748 3330 1155 3428 ingentem,
1204 3343 1427 3427 atque
1463 3330 1757 3428 ingenti
1791 3330 2100 3403 vulnere
2135 3327 2443 3401 victum.

380 3467 719 3564 Agnovit
752 3467 977 3564 longe
1010 3467 1377 3564 gemitum
1414 3491 1742 3564 praesaga
1774 3465 1951 3538 mali
1985 3489 2234 3554 mens;

384 3603 759 3677 Canitiem
795 3606 1033 3677 multo
1066 3603 1436 3677 deformat
1469 3605 1796 3701 pulvere,
1845 3614 1922 3675 et
1957 3600 2208 3674 ambas

377 3740 501 3813 Ad
537 3742 803 3814 coelum
839 3741 1087 3814 tendit
1120 3742 1419 3838 palma8‚
1468 3752 1545 3812 et
1580 3763 1888 3836 corpore
1927 3739 2273 3812 inhaeret:

377 3878 721 3950 Tantane
758 3903 877 3950 me
914 3876 1163 3952 tenuit
1195 3877 1519 3967 vivendi,
1566 3888 1766 3967 nate,
1814 3876 2174 3972 voluptaS‚

377 4013 487 4089 Ut
520 4039 655 4111 pro
689 4039 808 4087 me
845 4014 1092 4087 hostili
1129 4027 1425 4112 paterer
1456 4013 1859 4087 succedere
1895 4013 2178 4086 dextrae

380 4150 627 4236 Quem
657 4137 933 4250 genui?
972 4164 1201 4226 tuane
1239 4153 1393 4226 haec
1424 4151 1727 4250 genitor
1751 4175 1886 4247 per
1911 4150 2224 4223 vulnera
2255 4171 2529 4240 servor,

378 4288 629 4405 Morte
663 4297 797 4362 tua
831 4289 1132 4364 vivens?
1184 4291 1369 4364 heu!
1428 4312 1636 4362 nunc
1673 4287 1942 4362 misero
1969 4285 2159 4360 mihi
2196 4285 2502 4360 demum
