3234 5334
753 596 886 663 102
1511 650 1518 657 .
1591 584 2021 659 AENEIS.
2522 643 2527 649 .
2602 582 2860 663 v.746.

743 786 1044 857 Venatu
1079 804 1488 870 nemorum,
1531 780 1737 855 duris
1768 781 2161 879 AEquicula
2190 780 2463 879 glebis:

741 920 1030 995 Armati
1061 932 1338 993 terram
1372 932 1755 1009 exercent,
1798 942 2229 1017 semperque
2266 929 2603 993 recentes
2640 908 2647 915 ’

744 1058 1210 1132 Convectare
1230 1056 1452 1155 juvat
1483 1056 1783 1154 praedas‚
1830 1069 1906 1129 et
1938 1056 2187 1130 vivere
2220 1067 2455 1153 rapto.

887 1195 1094 1280 Quin
1129 1206 1208 1269 et
1245 1194 1632 1267 Marrubia
1664 1194 1873 1267 venit
1906 1193 2000 1267 de
2034 1205 2263 1292 gente
2298 1191 2659 1281 sacerdos,

741 1332 1031 1407 Fronde
1065 1358 1286 1430 super
1318 1334 1612 1431 galeam
1648 1345 1727 1407 et
1758 1332 1961 1406 felici
1996 1344 2333 1429 comptus
2370 1331 2582 1419 oliva,

737 1469 1098 1569 Archippi
1133 1470 1328 1569 regis
1361 1470 1610 1563 missu,
1654 1468 2089 1543 fortissimus
2117 1469 2440 1543 Umbro:

739 1598 1076 1705 Vipereo'
1095 1608 1354 1707 generi
1387 1620 1465 1681 et
1499 1607 1831 1705 graviter
1860 1606 2309 1704 spirantibus
2340 1605 2593 1702 hydris

739 1744 1097 1843 Spargere
1131 1744 1258 1842 qui
1293 1768 1586 1817 somnos
1620 1756 1999 1841 cantuque
2030 1767 2406 1839 manuque
2440 1742 2741 1835 solebat,

741 1881 1276 1979 Mulcebatque
1310 1880 1474 1974 iras,
1521 1894 1599 1957 et
1634 1906 1915 1955 morsus
1951 1894 2111 1955 arte
2145 1881 2463 1955 levabat.

739 2017 880 2091 Sed
916 2043 1068 2091 non
1105 2019 1504 2093 Dardaniae
1535 1982 1893 2093 medicari
1929 2018 2249 2117 cuspidis
2284 2018 2517 2122 ictum

737 2154 1072 2243 Evaluit3
1131 2178 1372 2253 neque
1409 2181 1578 2229 eum
1603 2154 1865 2255 juvere
1904 2156 1981 2229 in
2016 2156 2331 2230 vulnera
2364 2168 2629 2229 cantus

737 2290 1150 2383 Somniferi‚
1195 2305 1273 2365 et
1311 2292 1578 2365 Marsis
1611 2292 1927 2389 quaesitae
1960 2292 2337 2366 montibus
2372 2290 2633 2364 herbae.

736 2427 844 2501 Te
879 2451 1142 2502 nemus
1177 2428 1574 2527 Anguitiae,
1618 2429 1859 2503 vitrea
1894 2440 1969 2501 te
2003 2428 2325 2501 Fucinus
2360 2426 2581 2518 unda,

736 2564 844 2637 Te
880 2564 1140 2662 liquidi
1174 2567 1442 2639 flevere
1484 2566 1712 2639 lacus.

884 2701 1054 2773 Ibat
1089 2714 1165 2774 et
1200 2701 1586 2800 Hippolyti
1624 2704 1863 2801 proles
1896 2702 2395 2801 pulcherrima
2429 2702 2622 2774 bello

737 2835 1038 2909 Virbius
1057 2864 1076 2926 ;
1136 2838 1508 2936 insignem
1543 2864 1765 2935 quem
1801 2852 2041 2913 mater
2065 2837 2321 2911 Aricia
2352 2837 2570 2929 misit,

735 2972 1116 3047 Eductum
1151 2974 1439 3073 Egeriae
1474 2975 1683 3067 luciS‚
1729 2975 2117 3049 humentia
2152 2976 2436 3049 circum

739 3108 1047 3203 Littora,
1093 3112 1391 3211 pinguis
1425 3112 1553 3187 ubi
1590 3125 1669 3186 et
1702 3112 2081 3211 placabilis
2116 3136 2245 3190 ara
2276 3113 2559 3185 Dianae.

739 3247 1089 3344 Namque
1146 3248 1404 3325 ferunt
1455 3248 1660 3325 fama
1708 3250 2219 3349 Hippolytum,
2288 3264 2673 3348 postquam
2732 3262 2889 3324 arte

883 3409 1220 3457 novercae
1547 3406 1554 3417 ·

738 3520 1144 3611 Occiderit,
1192 3522 1611 3620 patriasque
1646 3524 1967 3627 explerit
1998 3524 2365 3624 sanguine
2398 3549 2647 3623 poenas

735 3658 1082 3732 Tur-batis
1119 3658 1517 3737 distractus
1555 3661 1782 3758 equiS,
1828 3662 1922 3735 ad
1958 3662 2199 3736 sidera
2230 3687 2477 3735 rursus

738 3796 1072 3869 AEtheria
1108 3810 1186 3870 et
1219 3822 1516 3895 superas
1553 3798 1717 3871 coeli
1752 3799 2039 3877 venisse
2080 3800 2217 3874 sub
2252 3824 2485 3890 auram,

740 3931 1048 4007 Paeoniis
1083 3947 1514 4013 revocatum
1551 3935 1797 4009 herbis
1832 3949 1909 4010 et
1944 3916 2191 4010 amore
2228 3937 2509 4011 Dianae.

737 4068 932 4141 Tum
962 4082 1173 4167 pater
1199 4071 1688 4169 omnipotens,
1718 4030 2035 4170 aliquein
2066 4074 2497 4177 indignatus
2524 4074 2619 4153 ab
2643 4074 2919 4151 umbris

745 4183 1144 4283 Mortaeilem
1180 4207 1490 4287 infernis
1527 4209 1629 4287 ad
1662 4209 1948 4289 Iumina
1978 4237 2283 4313 surgere
2315 4185 2505 4303 vitae,
