3234 5334
682 648 824 717 214
1152 754 1159 759 ·
1446 698 1451 704 .
1542 640 1972 715 AENEIS.
2041 680 2050 687 ·
2555 646 2882 713 v.281,·

679 839 973 913 Vertite
1010 840 1105 912 ad
1140 842 1447 913 AEnean'.
1558 840 1908 912 Stetimus
1946 838 2098 911 tela
2131 860 2388 934 aspera
2425 847 2707 927 contra,

680 977 1303 1075 Contulimusque
1336 1004 1640 1052 manus:
1700 988 2010 1075 experto
2046 975 2348 1067 credite,
2395 986 2718 1072 quantus

678 1116 771 1189 In
810 1118 1161 1215 clypeum·
1190 1131 1545 1216 assurgat,
1592 1142 1740 1223 quo
1775 1116 2077 1189 turbine
2115 1125 2458 1211 torqueat
2489 1115 2801 1187 hastam.

676 1255 750 1327 Si
782 1255 935 1327 duo
968 1267 1320 1359 praeterea
1351 1258 1537 1331 tales
1578 1254 1778 1329 Idaea
1818 1254 2106 1327 tulisset

674 1395 907 1466 Terra
940 1394 1153 1484 virOS,
1202 1396 1397 1467 ultro
1432 1364 1780 1466 Inachias
1819 1393 2142 1466 venisset
2177 1392 2270 1465 ad
2307 1392 2525 1464 urbes

676 1531 1097 1623 DardanuS,
1146 1544 1221 1605 et
1260 1531 1485 1605 versis
1520 1533 1814 1629 lugeret
1845 1532 2139 1603 Graecia
2171 1529 2366 1603 fatis,

671 1633 1065 1767 'Quidquid
1102 1670 1298 1768 apud
1335 1669 1535 1743 durae
1577 1682 1943 1742 cessatum
1982 1681 2094 1741 est
2129 1668 2400 1740 moenia
2426 1665 2702 1765 Trojae,
2763 1676 2769 1687 '

682 1806 1031 1882 Hectoris
1062 1809 1456 1905 AEneaeque
1492 1833 1722 1881 manu
1755 1808 2070 1881 victoria
2097 1806 2407 1879 Graium

679 1944 933 2035 Haesit,
983 1958 1060 2018 et
1094 1945 1173 2017 in
1210 1945 1609 2019 decumum
1648 1945 1976 2051 vestigia·
1996 1943 2286 2018 rettulit
2321 1968 2626 2016 annum.

676 2082 923 2154 Ambo
958 2083 1244 2173 animiS,
1291 2083 1510 2155 ambo
1545 2083 1876 2181 insignes
1913 2079 2428 2180 praestantibus
2465 2080 2722 2154 armis:

681 2220 829 2292 Hic
864 2220 1143 2317 pietate
1178 2219 1395 2317 prior.
1494 2220 1788 2307 Coeant
1823 2219 1900 2294 in
1935 2218 2216 2298 foedera
2250 2219 2553 2309 dextrae,

680 2357 856 2441 Qua
888 2357 1145 2431 datur:
1204 2370 1317 2433 ast
1354 2358 1573 2430 armis
1612 2369 2067 2431 concurrant
2103 2382 2309 2433 arma
2344 2370 2624 2430 cavete.

677 2496 779 2569 Et
813 2520 1164 2595 responsa
1197 2497 1416 2569 simul
1450 2500 1609 2593 quae'
1644 2497 1814 2586 sint,
1864 2521 1998 2569 rex
2033 2495 2333 2593 optime,
2381 2495 2576 2593 regis

678 2634 997 2724 Audisti,
1047 2645 1123 2707 et
1158 2660 1317 2731 quae
1352 2636 1448 2707 sit
1482 2658 1760 2733 magno
1795 2633 2170 2707 sententia
2202 2632 2418 2706 bello.

828 2772 979 2844 Vix
1017 2797 1107 2845 ea
1140 2772 1369 2871 legati
1388 2800 1409 2862 3
1468 2772 1860 2869 variusque
1903 2798 2036 2870 per
2069 2796 2200 2844 ora
2237 2772 2604 2849 cucurrit.

677 2882 1145 2983 Ausonidum
1186 2909 1485 2982 turbata
1517 2907 1833 2983 fremor:
1893 2935 2034 2982 ceu
2067 2934 2250 2981 saxa
2285 2923 2673 2983 morantur

682 3047 938 3132 Quum
973 3017 1269 3145 rapidos
1308 3072 1600 3137 amnes3
1661 3048 1744 3120 fit
1781 3019 2031 3120 clauso
2067 3047 2369 3146 gurgite
2403 3072 2759 3138 murmur,

678 3186 1115 3281 Vicinaeque
1150 3184 1484 3259 fremunt
1518 3186 1692 3283 ripae
1729 3186 2265 3283 crepitantibus
2302 3186 2541 3259 undis.

679 3324 789 3397 Ut
824 3324 1143 3421 primum
1182 3322 1457 3419 placati
1496 3323 1748 3414 animi,
1799 3336 1874 3396 et
1908 3323 2202 3421 trepida
2235 3350 2366 3397 ora
2397 3324 2770 3421 quierunt,

680 3460 1037 3535 Praefatus
1075 3460 1303 3551 divm,
1354 3461 1535 3534 solio
1570 3426 1706 3534 rex
1749 3461 1915 3534 infit
1950 3462 2042 3533 ab
2082 3462 2270 3535 alto:

828 3601 1029 3672 Ante
1069 3598 1413 3695 equidem
1452 3607 1742 3671 surnma
1775 3598 1868 3671 de
1904 3624 1984 3672 re
2020 3599 2385 3692 statuisse,
2435 3598 2705 3691 Latini,

681 3736 779 3811 Et
814 3738 1230 3826 vellem‚',et
1262 3734 1509 3810 fuerat
1542 3706 1842 3809 melius:
1899 3761 2053 3810 non
2089 3750 2424 3834 tempore
2459 3738 2588 3811 tali

684 3876 976 3973 Cogere
1016 3875 1440 3966 concilium,
1488 3900 1718 3972 quum
1753 3900 2001 3949 muros
2037 3874 2326 3948 adsidet
2361 3875 2609 3949 hostis,

682 4013 973 4089 Bellum
1018 4014 1547 4110 importunum,
1596 4012 1819 4103 cives,
1867 4038 2038 4085 cum
2077 4025 2307 4111 gente
2338 4012 2650 4090 deorum

682 4152 1146 4248 Invictisque
1177 4152 1353 4228 viris
1389 4151 1735 4249 gerimuS,
1782 4176 1963 4248 quos
2003 4151 2212 4224 nulla
2245 4149 2572 4251 fatigant

682 4258 967 4379 Proelia,
1017 4313 1158 4362 nec
1195 4289 1377 4363 victi
1411 4302 1722 4386 possunt
1757 4288 2108 4363 absistere
2139 4286 2357 4367 ferre.
