3234 5334
476 670 545 726 v.
588 654 750 732 8¹70.
1228 645 1352 723 LI
1377 645 1439 726 B
1463 647 1525 724 E
1550 649 1618 725 R
1720 648 1903 723 XII.
2512 659 2656 733 273

478 845 883 948 Unguibus
920 867 1051 922 ora
1085 873 1290 922 soror
1324 847 1612 922 foedans
1651 862 1728 923 et
1763 861 2072 948 pectora
2105 848 2399 949 pugnis,

480 986 687 1072 Quid
722 1012 933 1062 nunc
969 999 1045 1061 te
1080 999 1233 1081 tua,
1270 985 1551 1080 Turne,
1596 1001 1844 1086 potest
1880 1011 2244 1088 germana
2265 986 2580 1086 juvare?

476 1127 635 1199 Aut
669 1125 849 1223 quid
872 1124 1033 1224 jam
1071 1126 1274 1200 durae
1306 1139 1611 1225 superat
1644 1125 1874 1200 mihi?
1927 1151 2078 1224 qua
2110 1125 2248 1200 tibi
2285 1126 2533 1200 lucem

477 1265 665 1338 Arte
700 1257 991 1353 morer?
1044 1265 1256 1339 talin’
1290 1288 1587 1364 possum
1625 1291 1747 1339 me
1783 1290 2162 1364 opponere
2195 1263 2578 1341 monstro?

474 1401 523 1477 J
529 1429 648 1476 am
673 1400 834 1501 jam
870 1402 1131 1501 linquo
1168 1403 1387 1480 acies,
1464 1405 1610 1498 ¹Ne
1645 1429 1768 1480 me
1803 1416 2082 1478 terrete
2119 1403 2538 1497 timentem,

474 1538 844 1616 Obsc'enae
876 1541 1255 1632 volucres3
1316 1543 1602 1616 alarum
1638 1543 1954 1617 verbera
1992 1566 2246 1635 nosco,

425 1681 433 1688 ’
478 1677 963 1777 Letalemque
1000 1703 1306 1772 sonum;
1364 1705 1511 1754 nec
1544 1679 1825 1755 fallunt
1846 1679 2058 1779 jussa
2091 1679 2412 1778 superba

478 1816 961 1918 Magnanimi
994 1818 1043 1891 J
1048 1817 1225 1893 ovis,
1340 1817 1523 1894 Haec
1557 1843 1692 1917 pro
1727 1811 2544 1917 virginitate'reponit?

476 1957 654 2042 Quo
687 1957 923 2032 vitam
960 1956 1173 2030 dedit
1208 1951 1611 2030 aeternam?
1666 1981 1806 2030 cur
1836 1952 2096 2029 mortis
2134 1955 2488 2055 adempta
2522 1965 2638 2030 est

476 2090 883 2172 Conditio?
956 2095 1256 2170 Possem
1293 2107 1543 2170 tantos
1586 2094 1802 2168 finire
1837 2092 2129 2182 dolores

476 2231 715 2310 Nunc
752 2244 978 2326 certe,
1027 2245 1106 2308 et
1140 2232 1411 2307 misero
1442 2231 1660 2305 fratri
1697 2255 1946 2306 comes
1981 2231 2088 2307 ire
2123 2257 2258 2330 per
2279 2233 2614 2312 umbras,

475 2372 931 2448 Immortalis
967 2369 1157 2471 ego?
1210 2381 1342 2444 aut
1379 2368 1786 2468 quidquam
1823 2369 2009 2444 mihi
2045 2367 2268 2444 dulce
2303 2395 2644 2444 meorum

471 2511 583 2584 Te
618 2509 801 2602 sine,
849 2509 1105 2602 frater,
1154 2508 1341 2584 erit?
1414 2508 1485 2581 O
1518 2533 1684 2606 quae
1719 2508 1893 2581 satis
1933 2508 2088 2582 alta
2121 2507 2462 2595 dehiscat

472 2647 708 2724 Terra
740 2649 946 2741 mihi,
993 2671 1399 2747 manesque
1434 2645 1657 2720 deam
1692 2620 2046 2756 demittat
2089 2645 2184 2720 ad
2221 2646 2443 2720 imos!

473 2789 804 2864 Tantum
846 2788 1093 2879 effata,
1141 2791 1371 2886 caput
1404 2785 1678 2885 glauco
1714 2783 2062 2860 contexit
2097 2784 2401 2876 amictu,

480 2928 733 3003 Multa
766 2947 1099 3026 gemenS,
1148 2937 1225 3000 et
1258 2949 1337 2998 se
1374 2922 1602 2998 fluvio
1639 2922 1784 2996 dea
1819 2922 2166 2997 condidit
2201 2924 2376 2998 alto,

628 3067 901 3140 AEneas
937 3064 1172 3138 instat
1206 3067 1492 3154 conti-a,
1541 3062 1928 3157 telumque
1968 3073 2316 3135 coruscat

480 3207 787 3304 Ingens,
836 3202 1253 3292 arboreum,
1302 3171 1381 3274 et
1422 3224 1613 3274 saevo
1651 3199 1759 3272 sic
1794 3211 2100 3298 pectore
2133 3198 2375 3274 fatur:

481 3344 673 3429 Quae
719 3365 928 3416 nunc
966 3339 1244 3414 deinde
1294 3364 1504 3414 mora
1542 3335 1699 3413 est?
1759 3349 1892 3411 aut
1923 3337 2107 3436 quid
2144 3336 2326 3437 jam,
2371 3339 2650 3432 Turne,

630 3475 1040 3570 retractas?
2161 3453 2166 3457 ⁹

482 3618 665 3696 Non
706 3645 949 3710 cursu,
999 3618 1205 3694 saevis
1242 3616 1689 3692 certandum
1728 3627 1840 3690 est
1877 3615 2294 3690 comminus
2330 3617 2573 3692 armis,
2595 3607 2618 3616 ⁶

482 3761 718 3836 Verte
752 3783 1012 3833 omnes
1050 3769 1206 3832 tete
1244 3756 1322 3830 in
1357 3755 1610 3864 facies,
1659 3767 1738 3830 et
1775 3756 2139 3830 contrahe
2174 3745 2539 3853 quidquid

478 3894 652 3990 Sive
690 3897 978 3992 animis,
1026 3896 1181 3970 sive
1218 3906 1398 3987 arte,
1446 3894 1685 3983 vales3
1745 3905 1922 3992 opta
1956 3891 2192 3966 ardua
2225 3893 2494 3992 pennis

483 4039 709 4111 Astra
741 4036 972 4133 sequi,
1020 4035 1503 4132 clausumque
1538 4058 1727 4108 cava
1762 4044 1838 4105 te
1874 4031 2200 4105 condere
2235 4043 2454 4105 terra.

485 4173 647 4268 Ille,
696 4187 926 4274 caput
960 4186 1351 4272 quassans:
1414 4171 1593 4245 Non
1633 4196 1756 4244 me
1789 4183 1923 4244 tua
1955 4168 2248 4244 fervida
2281 4181 2574 4246 terrent

345 4349 355 4355 ’
488 4288 741 4407 Dicta,
787 4311 1043 4402 ferox3
1103 4309 1181 4384 di
1217 4337 1337 4386 me
1382 4323 1676 4386 terrent
1713 4320 1789 4384 et
1822 4309 1870 4385 J
1876 4308 2175 4408 uppiter
2207 4310 2457 4384 hostis,
2495 4377 2500 4381 .
2597 4400 2602 4405 ¹

642 4464 670 4500 2
2277 4445 2324 4491 Τ
