3234 5334
704 698 801 764 52
1236 726 1244 733 ‚
1562 686 1656 759 AE
1681 685 1758 759 N
1782 684 1846 759 E
1871 684 1908 757 I
1931 684 1997 758 S.
2584 708 2653 757 v.
2695 688 2864 765 383.

855 883 1057 982 Ergo
1090 882 1235 955 iter
1281 882 1664 981 inceptum
1709 892 2103 981 peragunt,
2149 878 2524 977 fluvioque
2567 880 2874 979 propin-

1002 1030 1257 1120 quant.

708 1158 994 1233 Navita
1026 1182 1209 1256 quos
1229 1155 1390 1255 jam
1426 1156 1602 1231 inde
1639 1166 1724 1230 ut
1761 1156 2020 1255 Stygia
2051 1155 2430 1255 prospexit
2467 1154 2560 1229 ab
2595 1154 2801 1228 unda

708 1297 851 1371 Per
882 1296 1202 1371 tacitum
1236 1320 1499 1371 nemus
1536 1293 1666 1385 ire,
1711 1294 2127 1392 pedemque
2163 1293 2552 1367 advertere
2587 1292 2782 1391 ripae,

710 1432 827 1509 Sic
860 1434 1063 1533 prior
1096 1432 1536 1533 aggreditur
1568 1412 1810 1522 dietis,
1859 1444 2083 1529 atque
2119 1432 2458 1529 increpat
2491 1430 2727 1504 ultro:

710 1572 1063 1670 Quisquis
1100 1596 1198 1663 eS,
1248 1582 1573 1643 armatus
1608 1570 1737 1667 qui
1771 1583 2028 1643 nostra
2063 1569 2157 1641 ad
2193 1568 2502 1641 flumina
2537 1567 2802 1659 tendiS‚
2915 1618 2930 1629 -

708 1710 889 1783 Fare
932 1733 1073 1808 age
1108 1708 1285 1807 quid
1322 1708 1614 1797 venias3
1654 1706 1815 1805 jam
1853 1707 2076 1781 istinc
2113 1720 2190 1780 ct
2225 1708 2630 1806 comprime
2667 1730 2873 1805 gres·-

862 1874 1062 1921 sum:

711 1984 1164 2059 Umbrarum
1201 1984 1325 2057 hic
1360 1983 1569 2057 locus
1606 1994 1740 2073 est,
1787 1982 2049 2073 somni,
2095 1984 2486 2080 noctisque
2521 2008 2834 2082 soporae:

622 2192 629 2201 ,
714 2120 1044 2218 Corpora
1076 2100 1249 2193 viva
1283 2119 1493 2193 nefas
1530 2119 1790 2219 Stygia
1825 2132 2126 2193 vectare
2161 2120 2440 2193 carina.

712 2258 883 2331 Nec
919 2282 1098 2331 vero
1131 2257 1451 2332 Alciden
1486 2282 1607 2333 me
1651 2284 1814 2331 sum
1850 2258 2139 2332 laetatus
2176 2271 2483 2331 euntem

711 2397 1108 2496 Accepisse
1141 2397 1333 2488 lacu,
1378 2421 1524 2469 nec
1558 2397 1868 2487 Thesea,
1917 2396 2500 2495 Pirithoumque,

710 2532 851 2607 Dis
886 2559 1333 2632 quamquam
1369 2532 1609 2632 geniti
1647 2544 1874 2630 atque
1910 2533 2174 2608 invicti
2207 2524 2486 2607 viribus
2523 2545 2792 2608 essent.

710 2672 1151 2747 Tartareum
1186 2673 1309 2745 ille
1343 2696 1575 2746 manu
1612 2672 2001 2746 custodem
2035 2672 2114 2745 in
2149 2672 2401 2746 vincla
2433 2672 2700 2771 petivit

714 2809 952 2907 Ipsius
996 2835 1040 2881 a
1075 2810 1259 2882 solio
1290 2810 1509 2908 regis,
1556 2808 1940 2906 traxitque
1977 2821 2466 2884 trementem:

655 2988 667 2997 -
716 2947 818 3020 Hi
852 2947 1232 3021 dominam
1268 2946 1468 3020 Ditis
1503 2947 1840 3019 thalamo
1870 2942 2244 3021 deducere
2279 2947 2542 3021 adorti.

714 3085 903 3170 Quae
936 3096 1203 3159 contra
1237 3083 1565 3159 breviter
1596 3083 1758 3157 fata
1793 3096 1905 3159 est
1939 3086 2388 3184 Amphrysia
2419 3098 2664 3159 vates:

716 3223 966 3297 Nullae
999 3225 1121 3297 hic
1157 3223 1437 3296 insidiae
1470 3222 1695 3311 tales3
1755 3222 2026 3297 absiste
2063 3224 2382 3313 moveri3
2517 3250 2524 3258 ·

716 3359 887 3433 Nec
923 3359 1075 3433 vim
1112 3360 1263 3433 tela
1292 3357 1583 3433 ferunt:
1641 3359 1820 3435 licet
1853 3358 2122 3459 ingens
2143 3359 2433 3459 janitor
2467 3373 2684 3436 antro

714 3498 1106 3574 AEternum
1140 3500 1418 3573 latrans
1455 3524 1873 3598 exsangues
1909 3512 2188 3573 terreat
2219 3500 2556 3592 umbras3

722 3636 949 3711 Casta
982 3636 1162 3711 licet
1193 3637 1443 3735 patrui
1478 3650 1724 3712 servet
1759 3638 2198 3737 Proserpina
2233 3639 2484 3713 limen.

716 3774 979 3848 Troius
1015 3775 1305 3865 AEneas,
1350 3774 1632 3873 pietate
1667 3776 1978 3875 insignis
2015 3789 2092 3852 et
2125 3776 2368 3870 armiS‚

718 3912 840 3985 Ad
874 3912 1293 4011 genitorem
1330 3912 1513 3987 imas
1548 3914 1774 3988 Erebi
1809 3915 2203 3989 descendit
2239 3916 2336 3989 ad
2371 3914 2688 3999 umbras.

720 4048 793 4122 Si
828 4061 903 4123 te
938 4050 1150 4123 nulla
1182 4064 1436 4125 movet
1465 4063 1698 4127 tantoe
1730 4052 2028 4150 pietatis
2063 4053 2332 4153 imago,

718 4186 824 4259 At
859 4211 1147 4261 ramum
1184 4190 1389 4262 hunc
1432 4190 1710 4288 (aperit
1744 4216 2032 4265 ramum
2067 4192 2196 4289 qui
2231 4204 2436 4266 veste
2468 4190 2791 4290 latebat)
2827 4211 2844 4261 2

716 4325 1127 4423 Agnoscas.
1222 4328 1547 4403 Tumida
1580 4354 1679 4405 ex
1715 4330 1826 4403 ira
1857 4340 2020 4405 tum
2056 4330 2284 4405 corda
2313 4328 2674 4405 residunt.
