3234 5334
422 670 486 718 v.
520 645 685 719 462.
908 642 922 655 ”
1173 644 1295 717 LI
1323 644 1558 719 BER
1659 645 1836 719 VII.
2487 652 2577 727 91

420 841 697 940 Virgea
730 842 1161 940 suggeritur
1196 843 1419 917 costis
1454 842 1812 917 undantis
1851 842 2095 932 aheni,

419 979 967 1078 Exsultantque
1002 994 1183 1055 aestu
1220 982 1515 1055 latices:
1572 980 1760 1054 furit
1795 982 1996 1055 intus
2039 980 2254 1077 aquai

417 1116 768 1192 Fumidus
807 1130 1031 1217 atque
1069 1120 1227 1193 alte‘
1254 1120 1531 1217 spumis
1568 1120 1937 1193 exuberat
1973 1117 2246 1191 amnis:

417 1255 583 1329 Nec
604 1255 766 1353 jam
802 1283 881 1331 se
918 1258 1120 1356 capit
1154 1258 1395 1347 unda;
1457 1258 1660 1331 volat
1692 1282 1924 1356 vapor
1959 1267 2121 1331 ater
2155 1256 2250 1329 ad
2289 1280 2523 1329 auras.

416 1393 614 1493 Ergo
652 1396 797 1467 iter
832 1395 925 1467 ad
960 1420 1243 1494 regem,-
1286 1396 1574 1494 polluta
1608 1420 1816 1493 pace,
1866 1395 2222 1468 Latinum

415 1531 698 1605 Indicit
731 1532 985 1631 primis
1007 1531 1399 1631 juvenum,
1450 1546 1527 1608 et
1547 1532 1771 1631 jubet
1807 1558 2013 1606 arma
2048 1532 2312 1630 parari,

412 1671 673 1745 Tutari
709 1670 1032 1763 Italiam,
1081 1672 1479 1745 detrudere
1516 1671 1788 1745 finibus
1823 1673 2150 1760 hostem;

413 1809 499 1883 Se
532 1811 711 1883 satis
750 1809 1107 1883 ambobus
1137 1810 1593 1908 Teucrisque
1629 1809 1888 1884 venire
1925 1807 2377 1906 Latinisque.

414 1948 593 2022 Haec
632 1948 762 2021 ubi
798 1949 1005 2024 dicta
1038 1949 1269 2039 dedit,
1319 1949 1676 2047 divosque
1713 1947 1790 2020 in
1827 1959 2004 2021 vota
2027 1947 2356 2045 vocavit,

416 2086 783 2161 Certatim
820 2112 977 2161 sese
1015 2088 1277 2161 Rutuli
1316 2089 1818 2161 exhortantur
1853 2085 1930 2158 in
1969 2110 2191 2159 arma.
2263 2180 2280 2191 α

416 2225 643 2298 Hunc
678 2226 909 2299 decus
948 2227 1335 2325 egregium
1372 2224 1629 2299 formae
1665 2238 1916 2298 movet
1951 2238 2174 2322 atque
2199 2223 2552 2322 juventae,

415 2363 642 2437 Hunc
679 2365 879 2437 atavi
914 2390 1151 2463 regeS,
1198 2366 1401 2437 hunc
1440 2363 1658 2437 claris
1695 2364 2009 2437 dextera
2040 2362 2280 2438 factis,

558 2502 766 2575 Dum
796 2504 1095 2575 Turnus
1128 2502 1445 2575 Rutulos
1480 2499 1748 2576 animis
1785 2500 2192 2599 audacibus
2227 2501 2507 2599 implet,

411 2636 712 2713 Alle'cto
747 2640 824 2713 in
852 2642 1187 2713 Teucros
1224 2640 1497 2739 Stygiis
1538 2646 1628 2714 se'
1655 2640 1990 2713 concitat
2025 2638 2180 2729 alis,

410 2778 596 2853 Arte
632 2804 830 2852 nova
864 2780 1247 2878 speculata
1282 2780 1530 2853 locum
1568 2786 1718 2876 quo
1751 2778 2002 2853 littore
2037 2779 2350 2877 pulcher

410 2914 710 2990 Insidiis
750 2942 1119 3016 cursuque
1153 2917 1347 2990 feras
1386 2918 1722 3017 agitabat
1761 2917 1988 2990 IuluS.

413 3054 556 3127 Hic
594 3055 917 3128 subitam
956 3056 1267 3129 canibus
1304 3055 1587 3129 rabiem
1623 3054 1942 3152 Cocytia
1975 3054 2190 3151 virgo

413 3191 717 3290 Objicit,
768 3206 843 3266 et
876 3205 1061 3266 noto
1098 3218 1315 3267 nares
1352 3192 1733 3291 contingit
1767 3192 2014 3282 odore,

412 3330 521 3403 Ut
557 3355 864 3404 cervum
902 3332 1251 3404 ardentes
1289 3343 1639 3429 agerent:
1697 3356 1858 3427 quae
1893 3330 2128 3429 prima
2165 3330 2498 3409 laborum

416 3468 663 3543 Causa
696 3468 863 3559 fuit,
910 3470 1253 3566 belloque
1294 3470 1579 3542 animos
1616 3468 1967 3543 accendit
2003 3474 2350 3567 agrestes,

419 3608 701 3682 Cervus
740 3621 900 3681 erat
932 3607 1173 3681 forma
1209 3608 1587 3706 praestanti
1626 3620 1701 3679 et
1738 3608 2086 3681 cornibus
2123 3607 2432 3705 ingens;

414 3746 795 3844 Tyrrhidae
833 3748 1041 3844 pueri
1081 3772 1301 3843 quem
1340 3745 1597 3818 matris
1637 3746 1729 3817 ab
1765 3744 1992 3819 ubere
2029 3758 2324 3843 raptum

416 3884 856 3977 Nutrib‘ant,
896 3885 1419 3982 Tyrrheusque
1454 3864 1686 3981 pater,
1735 3884 1854 3956 cui
1893 3883 2102 3981 regia
2139 3897 2404 3981 parent

416 4026 801 4115 Armenta,
850 4038 925 4096 et
961 4025 1109 4095 la'te
1150 4021 1489 4095 custodia
1526 4022 1813 4095 credita
1847 4023 2111 4119 campi.

416 4164 815 4237 Assuetum
856 4160 1179 4259 imperiis
1216 4185 1421 4233 soror
1454 4160 1658 4232 omni
1697 4159 1942 4257 Sylvia
1977 4182 2158 4231 cura

419 4300 773 4374 Mollibus
812 4300 1161 4375 intexens
1183 4292 1517 4372 ornabat
1555 4323 1838 4371 cornua
1874 4296 2106 4387 sertiS,
