3234 5334
675 654 771 725 ‘42
1532 650 1726 725 AEN
1751 618 1966 727 Eis,
2545 652 2816 726 v.126.

673 845 963 921 Noctes
998 860 1222 946 atque
1254 848 1413 923 dies
1446 859 1659 948 patet
1693 850 1837 925 atri
1858 850 2096 950 janua
2128 850 2365 925 Ditis:

672 984 814 1059 Sed
850 1008 1202 1061 revocare
1235 987 1575 1086 gradum,
1620 1012 2064 1087 superasque
2099 986 2415 1061 evadere
2449 986 2544 1059 ad
2581 1010 2816 1078 auraS,

674 1122 842 1197 Hoc
878 1147 1080 1223 opus,
1128 1125 1253 1199 hic
1288 1125 1497 1199 labor
1530 1136 1663 1199 est.
1756 1126 2005 1216 Pauci,
2049 1150 2232 1223 quos
2265 1150 2514 1221 oequus
2549 1123 2830 1198 amavit

668 1259 717 1334 J
722 1260 1035 1361 uppiter,
1082 1274 1213 1335 aut
1249 1263 1517 1337 ardens
1552 1262 1808 1337 evexit
1841 1263 1938 1335 ad
1969 1263 2244 1337 aethera
2275 1261 2529 1354 virtus,

673 1397 811 1472 Dis
846 1398 1107 1497 geniti,
1153 1411 1481 1498 potuere.
1574 1402 1877 1473 Tenent
1912 1400 2162 1473 media.
2191 1398 2446 1473 omnia
2477 1400 2719 1498 sylvae,

674 1536 1152 1635 Cocytusque
1186 1537 1355 1612 sinu
1390 1537 1646 1612 labens
1683 1537 2179 1612 circumvenit
2211 1549 2394 1611 atro.

673 1675 899 1760 Quod
934 1675 995 1749 si
1028 1688 1285 1749 tantus
1322 1700 1530 1749 amor
1560 1676 1820 1767 menti,
1867 1675 1928 1747 si
1964 1686 2180 1748 tanta
2211 1674 2486 1773 cupido
2521 1688 2636 1748 est

672 1812 793 1888 Bis
828 1812 1121 1913 Stygios
1158 1812 1422 1887 innare
1458 1814 1684 1904 lacus,
1731 1812 1842 1885 bis
1877 1812 2096 1911 nigra
2127 1811 2381 1885 videre
2501 1834 2510 1841 ·

668 1950 1003 2043 Tartara,
1053 1963 1129 2026 et
1166 1951 1428 2026 insano
1450 1949 1672 2048 juvat
1706 1950 2098 2049 indulgere
2131 1948 2386 2041 labori,

666 2089 955 2187 Accipe
992 2114 1150 2186 quae
1184 2089 1615 2188 peragenda
1647 2089 1867 2187 prius,
1971 2088 2202 2161 'Latet
2237 2087 2496 2161 arbore
2530 2110 2768 2184 opaca

669 2227 963 2301 Aureus
1002 2243 1079 2300 et
1110 2225 1305 2300 foliis
1342 2239 1419 2301 et
1452 2228 1664 2301 lento
1696 2226 1974 2300 vimine
2012 2251 2276 2317 ramuS‚

667 2362 717 2439 J
724 2364 958 2439 unoni
994 2364 1307 2439 infemae
1342 2364 1589 2439 dictus
1625 2386 1869 2438 sacer:
1927 2366 2132 2438 hunc
2167 2364 2363 2464 tegit
2397 2364 2638 2437 omnis

674 2500 942 2596 Lucus,
990 2517 1068 2577 et
1100 2502 1431 2577 obscuris
1468 2502 1832 2577 claudunt
1868 2502 2328 2577 convallibus
2359 2501 2659 2576 umbrae.

676 2640 817 2715 Sed
854 2666 1003 2715 non
1042 2655 1219 2715 ante
1254 2641 1478 2715 datur
1509 2642 1792 2716 telluris
1827 2653 2088 2741 operta
2119 2640 2386 2732 subire,

668 2780 1109 2853 Auricomos
1145 2804 1368 2877 quam
1404 2780 1566 2877 quis
1600 2780 2057 2879 decerpserit
2093 2778 2352 2853 arbore
2386 2778 2606 2852 fetus,

674 2916 845 2991 Hoc
880 2914 1018 2990 sibi
1054 2918 1373 3015 pulchra
1405 2942 1624 2991 suum
1657 2916 1835 2991 ferri
1872 2918 2312 3015 Proserpina
2343 2940 2616 2999 munus

672 3052 1036 3129 Instituit.
1149 3053 1398 3129 Primo
1435 3055 1709 3147 avulso,
1754 3080 1908 3128 non
1946 3054 2198 3129 deficit
2232 3054 2423 3128 alter
2469 3104 2476 3111 -

671 3193 965 3267 Aureus
985 3220 1025 3283 ;-
1064 3205 1143 3266 et
1177 3192 1399 3266 simili
1433 3192 1854 3295 frondescit·
1882 3193 2096 3292 virga
2127 3192 2450 3265 metallo·

671 3326 876 3429 Ergo
912 3329 1060 3405 alte
1094 3328 1390 3429 vestiga
1420 3330 1676 3422 oculi5‚
1725 3342 1804 3404 et
1837 3331 1980 3405 rite
2014 3342 2390 3429 repertum

676 3466 922 3565 Carpe
960 3491 1227 3541 manu:
1270 3492 1596 3566 namque
1627 3468 1781 3566 ipse
1808 3467 2063 3541 volens
2089 3466 2476 3564 facilisque
2506 3476 2877 3564 sequetur,

672 3604 746 3679 si
781 3615 857 3678 te
891 3602 1051 3677 fata
1081 3615 1362 3679 vocant
1380 3630 1399 3694 ;
1458 3604 1697 3696 aliter,
1743 3629 1898 3679 non
1933 3604 2214 3680 viribus
2252 3605 2417 3677 ullis
2469 3626 2476 3635 ’

672 3741 1021 3833 Vincere,
1068 3766 1213 3816 nec
1249 3741 1436 3815 duro
1473 3742 1748 3840 pot-eris
1785 3743 2204 3816 convellere
2238 3741 2456 3817 ferro,

648 3878 1041 3954 Praeterea
1063 3876 1274 3977 jacet
1308 3880 1746 3953 exanimum
1781 3879 1920 3953 tibi
1957 3905 2223 3979 corpus
2259 3880 2502 3973 amici,

678 4016 853 4091 Heu
887 4016 1167 4091 nescis!
1223 4027 1609 4114 totamque
1647 4016 1965 4091 incestat
1999 4016 2267 4091 funere
2303 4019 2633 4109 classem,

676 4154 884 4229 Dum
923 4154 1265 4229 consulta
1296 4154 1508 4253 peti3‚
1554 4165 1958 4251 nostroque
1995 4155 2074 4227 in
2112 4154 2368 4229 limine
2402 4154 2722 4253 pendes:

680 4290 987 4365 Sedibus
1023 4292 1227 4366 hunc
1262 4289 1458 4365 refer
1492 4302 1672 4365 ante
1709 4290 1879 4383 suiS‚
1927 4302 2004 4365 et
2041 4291 2284 4365 conde
2315 4294 2680 4392 sepulcro·
