<?xml version="1.0" encoding="UTF-8"?>
<!DOCTYPE html PUBLIC "-//W3C//DTD XHTML 1.0 Transitional//EN"
    "http://www.w3.org/TR/xhtml1/DTD/xhtml1-transitional.dtd">
<html xmlns="http://www.w3.org/1999/xhtml" xml:lang="en" lang="en">
 <head>
  <title>
</title>
<meta http-equiv="Content-Type" content="text/html;charset=utf-8" />
  <meta name='ocr-system' content='tesseract 3.04.00' />
  <meta name='ocr-capabilities' content='ocr_page ocr_carea ocr_par ocr_line ocrx_word'/>
</head>
<body>
  <div class='ocr_page' id='page_1' title='image "./publiusvergiliu01virggoog/publiusvergiliu01virggoog_0068.png"; bbox 0 0 3234 5334; ppageno 0'>
   <div class='ocr_carea' id='block_1_1' title="bbox 467 605 2621 724">
    <p class='ocr_par' dir='ltr' id='par_1_1' title="bbox 467 605 2621 724">
     <span class='ocr_line' id='line_1_1' title="bbox 467 605 2621 724; baseline -0.001 -42"><span class='ocrx_word' id='word_1_1' title='bbox 467 631 532 682; x_wconf 85' lang='lat' dir='ltr'>v.</span> <span class='ocrx_word' id='word_1_2' title='bbox 571 607 736 724; x_wconf 72' lang='lat'><strong><em>562.</em></strong></span> <span class='ocrx_word' id='word_1_3' title='bbox 1241 605 1626 680; x_wconf 86' lang='lat' dir='ltr'><strong>LIBER</strong></span> <span class='ocrx_word' id='word_1_4' title='bbox 1694 605 1858 679; x_wconf 64' lang='lat' dir='ltr'>:vt</span> <span class='ocrx_word' id='word_1_5' title='bbox 2306 696 2311 700; x_wconf 15' lang='lat'>⁵</span> <span class='ocrx_word' id='word_1_6' title='bbox 2512 609 2621 692; x_wconf 66' lang='lat'>‘59</span> 
     </span>
    </p>
   </div>
   <div class='ocr_carea' id='block_1_2' title="bbox 463 789 2610 1593">
    <p class='ocr_par' dir='ltr' id='par_1_2' title="bbox 465 789 2221 918">
     <span class='ocr_line' id='line_1_2' title="bbox 465 789 2221 918; baseline 0.002 -42"><span class='ocrx_word' id='word_1_7' title='bbox 465 789 681 876; x_wconf 90' lang='lat' dir='ltr'>Nulli</span> <span class='ocrx_word' id='word_1_8' title='bbox 719 801 830 876; x_wconf 84' lang='lat' dir='ltr'>fas</span> <span class='ocrx_word' id='word_1_9' title='bbox 865 804 1549 918; x_wconf 26' lang='lat' dir='ltr'>castoaesssceleratum</span> <span class='ocrx_word' id='word_1_10' title='bbox 1585 803 2221 895; x_wconf 82' lang='lat' dir='ltr'>insisterelimen3</span> 
     </span>
    </p>

    <p class='ocr_par' dir='ltr' id='par_1_3' title="bbox 463 940 2344 1041">
     <span class='ocr_line' id='line_1_3' title="bbox 463 940 2344 1041; baseline 0.001 -27"><span class='ocrx_word' id='word_1_11' title='bbox 463 940 603 1014; x_wconf 87' lang='lat' dir='ltr'>Sed</span> <span class='ocrx_word' id='word_1_12' title='bbox 639 964 780 1031; x_wconf 91' lang='lat' dir='ltr'>me,</span> <span class='ocrx_word' id='word_1_13' title='bbox 827 961 1058 1038; x_wconf 90' lang='lat' dir='ltr'>quum</span> <span class='ocrx_word' id='word_1_14' title='bbox 1079 940 1277 1015; x_wconf 76' lang='lat' dir='ltr'>‘lucis</span> <span class='ocrx_word' id='word_1_15' title='bbox 1317 942 1606 1016; x_wconf 84' lang='lat' dir='ltr'>Hecate</span> <span class='ocrx_word' id='word_1_16' title='bbox 1642 941 1973 1041; x_wconf 87' lang='lat' dir='ltr'>praefecit</span> <span class='ocrx_word' id='word_1_17' title='bbox 2006 943 2344 1036; x_wconf 71' lang='lat' dir='ltr'>A‘vernis,</span> 
     </span>
    </p>

    <p class='ocr_par' dir='ltr' id='par_1_4' title="bbox 467 1079 2610 1457">
     <span class='ocr_line' id='line_1_4' title="bbox 467 1079 2371 1179; baseline 0.002 -27"><span class='ocrx_word' id='word_1_18' title='bbox 467 1079 638 1177; x_wconf 90' lang='lat' dir='ltr'>Ipsa</span> <span class='ocrx_word' id='word_1_19' title='bbox 671 1080 893 1153; x_wconf 75' lang='lat' dir='ltr'>deum</span> <span class='ocrx_word' id='word_1_20' title='bbox 927 1103 1178 1177; x_wconf 85' lang='lat' dir='ltr'>poenas</span> <span class='ocrx_word' id='word_1_21' title='bbox 1212 1080 1490 1171; x_wconf 89' lang='lat' dir='ltr'>docuit,</span> <span class='ocrx_word' id='word_1_22' title='bbox 1533 1105 1811 1179; x_wconf 83' lang='lat' dir='ltr'>perque</span> <span class='ocrx_word' id='word_1_23' title='bbox 1843 1082 2371 1156; x_wconf 83' lang='lat' dir='ltr'>omniaduxit.</span> 
     </span>
     <span class='ocr_line' id='line_1_5' title="bbox 467 1199 2610 1322; baseline 0.003 -33"><span class='ocrx_word' id='word_1_24' title='bbox 467 1199 797 1290; x_wconf 84' lang='lat' dir='ltr'>Gnosius</span> <span class='ocrx_word' id='word_1_25' title='bbox 829 1219 986 1292; x_wconf 87' lang='lat' dir='ltr'>haec</span> <span class='ocrx_word' id='word_1_26' title='bbox 1016 1217 1630 1292; x_wconf 82' lang='lat' dir='ltr'>Rhadamanthus</span> <span class='ocrx_word' id='word_1_27' title='bbox 1664 1219 1891 1292; x_wconf 89' lang='lat' dir='ltr'>habet</span> <span class='ocrx_word' id='word_1_28' title='bbox 1918 1219 2307 1294; x_wconf 89' lang='lat' dir='ltr'>durissima</span> <span class='ocrx_word' id='word_1_29' title='bbox 2340 1245 2610 1322; x_wconf 85' lang='lat' dir='ltr'>regna3</span> 
     </span>
     <span class='ocr_line' id='line_1_6' title="bbox 467 1354 2331 1457; baseline 0.004 -30"><span class='ocrx_word' id='word_1_30' title='bbox 467 1354 953 1454; x_wconf 81' lang='lat' dir='ltr'><strong>Castigatque</strong></span> <span class='ocrx_word' id='word_1_31' title='bbox 989 1356 1345 1453; x_wconf 84' lang='lat' dir='ltr'>auditque</span> <span class='ocrx_word' id='word_1_32' title='bbox 1379 1357 1605 1448; x_wconf 83' lang='lat' dir='ltr'>dolos,</span> <span class='ocrx_word' id='word_1_33' title='bbox 1652 1357 2076 1457; x_wconf 85' lang='lat' dir='ltr'>subigitque</span> <span class='ocrx_word' id='word_1_34' title='bbox 2110 1359 2331 1435; x_wconf 83' lang='lat' dir='ltr'>fateri</span> 
     </span>
    </p>

    <p class='ocr_par' dir='ltr' id='par_1_5' title="bbox 467 1493 2272 1593">
     <span class='ocr_line' id='line_1_7' title="bbox 467 1493 2272 1593; baseline 0.002 -27"><span class='ocrx_word' id='word_1_35' title='bbox 467 1493 654 1578; x_wconf 82' lang='lat' dir='ltr'>Quae</span> <span class='ocrx_word' id='word_1_36' title='bbox 688 1493 848 1591; x_wconf 92' lang='lat' dir='ltr'>quis</span> <span class='ocrx_word' id='word_1_37' title='bbox 885 1494 1081 1592; x_wconf 89' lang='lat' dir='ltr'>apud</span> <span class='ocrx_word' id='word_1_38' title='bbox 1115 1520 1437 1593; x_wconf 77' lang='lat' dir='ltr'>sapei-OS,</span> <span class='ocrx_word' id='word_1_39' title='bbox 1481 1493 1687 1569; x_wconf 87' lang='lat' dir='ltr'>furto</span> <span class='ocrx_word' id='word_1_40' title='bbox 1721 1496 2008 1570; x_wconf 82' lang='lat' dir='ltr'>laetatus</span> <span class='ocrx_word' id='word_1_41' title='bbox 2044 1497 2272 1590; x_wconf 88' lang='lat' dir='ltr'>inani,</span> 
     </span>
    </p>
   </div>
   <div class='ocr_carea' id='block_1_3' title="bbox 321 1627 2286 1734">
    <p class='ocr_par' dir='ltr' id='par_1_6' title="bbox 321 1627 2286 1734">
     <span class='ocr_line' id='line_1_8' title="bbox 321 1627 2286 1734; baseline 0.004 -31"><span class='ocrx_word' id='word_1_42' title='bbox 321 1717 328 1722; x_wconf 17' lang='lat'>²</span> <span class='ocrx_word' id='word_1_43' title='bbox 461 1627 776 1706; x_wconf 86' lang='lat' dir='ltr'>Distulit</span> <span class='ocrx_word' id='word_1_44' title='bbox 813 1633 890 1706; x_wconf 89' lang='lat' dir='ltr'>in</span> <span class='ocrx_word' id='word_1_45' title='bbox 925 1657 1164 1708; x_wconf 86' lang='lat' dir='ltr'>seram</span> <span class='ocrx_word' id='word_1_46' title='bbox 1201 1633 1592 1707; x_wconf 82' lang='lat' dir='ltr'>commissa</span> <span class='ocrx_word' id='word_1_47' title='bbox 1622 1634 1919 1734; x_wconf 87' lang='lat' dir='ltr'>piacula</span> <span class='ocrx_word' id='word_1_48' title='bbox 1948 1648 2286 1710; x_wconf 88' lang='lat' dir='ltr'>mortem.</span> 
     </span>
    </p>
   </div>
   <div class='ocr_carea' id='block_1_4' title="bbox 370 1770 2604 4359">
    <p class='ocr_par' dir='ltr' id='par_1_7' title="bbox 466 1770 2107 1872">
     <span class='ocr_line' id='line_1_9' title="bbox 466 1770 2107 1872; baseline 0.002 -28"><span class='ocrx_word' id='word_1_49' title='bbox 466 1770 848 1844; x_wconf 89' lang='lat' dir='ltr'>Continuo</span> <span class='ocrx_word' id='word_1_50' title='bbox 881 1784 1130 1846; x_wconf 91' lang='lat' dir='ltr'>sontes</span> <span class='ocrx_word' id='word_1_51' title='bbox 1166 1772 1397 1845; x_wconf 88' lang='lat' dir='ltr'>ultrix</span> <span class='ocrx_word' id='word_1_52' title='bbox 1433 1773 1781 1846; x_wconf 82' lang='lat' dir='ltr'>accincta</span> <span class='ocrx_word' id='word_1_53' title='bbox 1809 1775 2107 1872; x_wconf 88' lang='lat' dir='ltr'>flagello</span> 
     </span>
    </p>

    <p class='ocr_par' dir='ltr' id='par_1_8' title="bbox 461 1909 2412 2150">
     <span class='ocr_line' id='line_1_10' title="bbox 461 1909 2343 2011; baseline 0.004 -30"><span class='ocrx_word' id='word_1_54' title='bbox 461 1909 860 2007; x_wconf 86' lang='lat' dir='ltr'>Tisiphone</span> <span class='ocrx_word' id='word_1_55' title='bbox 895 1911 1136 2009; x_wconf 90' lang='lat' dir='ltr'>quatit</span> <span class='ocrx_word' id='word_1_56' title='bbox 1171 1911 1572 2001; x_wconf 84' lang='lat' dir='ltr'>insultans3</span> <span class='ocrx_word' id='word_1_57' title='bbox 1613 1923 2009 2011; x_wconf 79' lang='lat' dir='ltr'>tortosque</span> <span class='ocrx_word' id='word_1_58' title='bbox 2046 1913 2343 1988; x_wconf 89' lang='lat' dir='ltr'>sinistra</span> 
     </span>
     <span class='ocr_line' id='line_1_11' title="bbox 464 2046 2412 2150; baseline 0.004 -31"><span class='ocrx_word' id='word_1_59' title='bbox 464 2046 860 2147; x_wconf 83' lang='lat' dir='ltr'>Intentans</span> <span class='ocrx_word' id='word_1_60' title='bbox 899 2073 1204 2148; x_wconf 85' lang='lat' dir='ltr'>angues,</span> <span class='ocrx_word' id='word_1_61' title='bbox 1248 2062 1470 2123; x_wconf 90' lang='lat' dir='ltr'>vocat</span> <span class='ocrx_word' id='word_1_62' title='bbox 1505 2051 1809 2150; x_wconf 83' lang='lat' dir='ltr'>agmina</span> <span class='ocrx_word' id='word_1_63' title='bbox 1840 2077 2027 2126; x_wconf 80' lang='lat' dir='ltr'>saeva</span> <span class='ocrx_word' id='word_1_64' title='bbox 2048 2064 2412 2136; x_wconf 72' lang='lat' dir='ltr'>sororum.</span> 
     </span>
    </p>

    <p class='ocr_par' dir='ltr' id='par_1_9' title="bbox 459 2183 2445 2426">
     <span class='ocr_line' id='line_1_12' title="bbox 459 2183 2445 2272; baseline 0.005 -14"><span class='ocrx_word' id='word_1_65' title='bbox 459 2186 991 2261; x_wconf 79' lang='lat' dir='ltr'>Tum-demum</span> <span class='ocrx_word' id='word_1_66' title='bbox 1025 2188 1408 2261; x_wconf 78' lang='lat' dir='ltr'>Horrisono</span> <span class='ocrx_word' id='word_1_67' title='bbox 1441 2188 1841 2262; x_wconf 84' lang='lat' dir='ltr'>stridentes</span> <span class='ocrx_word' id='word_1_68' title='bbox 1877 2191 2183 2272; x_wconf 81' lang='lat' dir='ltr'>cardine</span> <span class='ocrx_word' id='word_1_69' title='bbox 2218 2183 2445 2269; x_wconf 75' lang='lat' dir='ltr'>saorae</span> 
     </span>
     <span class='ocr_line' id='line_1_13' title="bbox 462 2324 2195 2426; baseline 0.003 -29"><span class='ocrx_word' id='word_1_70' title='bbox 462 2324 906 2399; x_wconf 84' lang='lat' dir='ltr'>Panduntur</span> <span class='ocrx_word' id='word_1_71' title='bbox 938 2335 1186 2424; x_wconf 87' lang='lat' dir='ltr'>portae.</span> <span class='ocrx_word' id='word_1_72' title='bbox 1285 2326 1550 2400; x_wconf 84' lang='lat' dir='ltr'>Cernis</span> <span class='ocrx_word' id='word_1_73' title='bbox 1587 2327 1929 2401; x_wconf 87' lang='lat' dir='ltr'>custodia</span> <span class='ocrx_word' id='word_1_74' title='bbox 1962 2329 2195 2426; x_wconf 89' lang='lat' dir='ltr'>qualis</span> 
     </span>
    </p>

    <p class='ocr_par' dir='ltr' id='par_1_10' title="bbox 385 2461 2275 2562">
     <span class='ocr_line' id='line_1_14' title="bbox 385 2461 2275 2562; baseline 0.001 -26"><span class='ocrx_word' id='word_1_75' title='bbox 385 2461 392 2468; x_wconf 69' lang='grc'><strong>”</strong></span> <span class='ocrx_word' id='word_1_76' title='bbox 460 2462 852 2536; x_wconf 88' lang='lat' dir='ltr'>Vestibulo</span> <span class='ocrx_word' id='word_1_77' title='bbox 883 2465 1183 2538; x_wconf 81' lang='lat' dir='ltr'>sedeat?</span> <span class='ocrx_word' id='word_1_78' title='bbox 1231 2464 1462 2538; x_wconf 81' lang='lat' dir='ltr'>facies</span> <span class='ocrx_word' id='word_1_79' title='bbox 1487 2467 1659 2562; x_wconf 68' lang='lat' dir='ltr'>quae</span> <span class='ocrx_word' id='word_1_80' title='bbox 1684 2465 1953 2538; x_wconf 32' lang='lat' dir='ltr'>*limina</span> <span class='ocrx_word' id='word_1_81' title='bbox 1985 2468 2275 2540; x_wconf 77' lang='lat' dir='ltr'>servet?</span> 
     </span>
    </p>

    <p class='ocr_par' dir='ltr' id='par_1_11' title="bbox 459 2601 2321 2702">
     <span class='ocr_line' id='line_1_15' title="bbox 459 2601 2321 2702; baseline 0.002 -28"><span class='ocrx_word' id='word_1_82' title='bbox 459 2601 1033 2701; x_wconf 81' lang='lat' dir='ltr'>Quinquaginta</span> <span class='ocrx_word' id='word_1_83' title='bbox 1067 2603 1242 2676; x_wconf 89' lang='lat' dir='ltr'>atris</span> <span class='ocrx_word' id='word_1_84' title='bbox 1277 2602 1620 2676; x_wconf 84' lang='lat' dir='ltr'>immanis</span> <span class='ocrx_word' id='word_1_85' title='bbox 1653 2602 1977 2677; x_wconf 86' lang='lat' dir='ltr'>hiatibus</span> <span class='ocrx_word' id='word_1_86' title='bbox 2016 2603 2279 2702; x_wconf 87' lang='lat' dir='ltr'>Hydra</span> <span class='ocrx_word' id='word_1_87' title='bbox 2306 2661 2321 2668; x_wconf 87' lang='lat'><em>-</em></span> 
     </span>
    </p>

    <p class='ocr_par' dir='ltr' id='par_1_12' title="bbox 459 2739 2343 2842">
     <span class='ocr_line' id='line_1_16' title="bbox 459 2739 2343 2842; baseline 0.003 -30"><span class='ocrx_word' id='word_1_88' title='bbox 459 2739 727 2814; x_wconf 85' lang='lat' dir='ltr'>Saevior</span> <span class='ocrx_word' id='word_1_89' title='bbox 758 2741 960 2814; x_wconf 84' lang='lat' dir='ltr'>intus</span> <span class='ocrx_word' id='word_1_90' title='bbox 995 2741 1220 2814; x_wconf 90' lang='lat' dir='ltr'>habet</span> <span class='ocrx_word' id='word_1_91' title='bbox 1255 2742 1545 2827; x_wconf 86' lang='lat' dir='ltr'>sedem:</span> <span class='ocrx_word' id='word_1_92' title='bbox 1602 2752 1765 2814; x_wconf 89' lang='lat' dir='ltr'>tum</span> <span class='ocrx_word' id='word_1_93' title='bbox 1800 2742 2152 2816; x_wconf 84' lang='lat' dir='ltr'>Tartarus</span> <span class='ocrx_word' id='word_1_94' title='bbox 2188 2743 2343 2842; x_wconf 89' lang='lat' dir='ltr'>ipse</span> 
     </span>
    </p>

    <p class='ocr_par' dir='ltr' id='par_1_13' title="bbox 459 2871 2604 2979">
     <span class='ocr_line' id='line_1_17' title="bbox 459 2871 2604 2979; baseline 0.003 -29"><span class='ocrx_word' id='word_1_95' title='bbox 459 2871 582 2957; x_wconf 89' lang='lat' dir='ltr'>Bis</span> <span class='ocrx_word' id='word_1_96' title='bbox 615 2890 826 2976; x_wconf 88' lang='lat' dir='ltr'>patet</span> <span class='ocrx_word' id='word_1_97' title='bbox 859 2878 938 2951; x_wconf 91' lang='lat' dir='ltr'>in</span> <span class='ocrx_word' id='word_1_98' title='bbox 975 2904 1294 2978; x_wconf 83' lang='lat' dir='ltr'>praeceps</span> <span class='ocrx_word' id='word_1_99' title='bbox 1329 2891 1648 2971; x_wconf 90' lang='lat' dir='ltr'>tantum,</span> <span class='ocrx_word' id='word_1_100' title='bbox 1695 2880 2089 2979; x_wconf 88' lang='lat' dir='ltr'>tenditque</span> <span class='ocrx_word' id='word_1_101' title='bbox 2110 2881 2258 2955; x_wconf 83' lang='lat' dir='ltr'>sub</span> <span class='ocrx_word' id='word_1_102' title='bbox 2288 2883 2604 2977; x_wconf 87' lang='lat' dir='ltr'>umbras,</span> 
     </span>
    </p>

    <p class='ocr_par' dir='ltr' id='par_1_14' title="bbox 458 2988 2584 3118">
     <span class='ocr_line' id='line_1_18' title="bbox 458 2988 2584 3118; baseline 0.003 -30"><span class='ocrx_word' id='word_1_103' title='bbox 458 3015 808 3100; x_wconf 86' lang='lat' dir='ltr'>Quantus</span> <span class='ocrx_word' id='word_1_104' title='bbox 845 3017 938 3089; x_wconf 89' lang='lat' dir='ltr'>ad</span> <span class='ocrx_word' id='word_1_105' title='bbox 973 3017 1356 3090; x_wconf 76' lang='lat' dir='ltr'>aetherium</span> <span class='ocrx_word' id='word_1_106' title='bbox 1395 3018 1559 3090; x_wconf 85' lang='lat' dir='ltr'>coeli</span> <span class='ocrx_word' id='word_1_107' title='bbox 1593 3030 1977 3116; x_wconf 89' lang='lat' dir='ltr'>suspectus</span> <span class='ocrx_word' id='word_1_108' title='bbox 2008 3018 2431 3118; x_wconf 82' lang='lat' dir='ltr'>Olympum.</span> <span class='ocrx_word' id='word_1_109' title='bbox 2578 2988 2584 2996; x_wconf 87' lang='lat'>.</span> 
     </span>
    </p>

    <p class='ocr_par' dir='ltr' id='par_1_15' title="bbox 457 3155 2202 3256">
     <span class='ocr_line' id='line_1_19' title="bbox 457 3155 2202 3256; baseline 0.002 -30"><span class='ocrx_word' id='word_1_110' title='bbox 457 3155 604 3232; x_wconf 71' lang='lat' dir='ltr'>Hic</span> <span class='ocrx_word' id='word_1_111' title='bbox 639 3179 879 3254; x_wconf 86' lang='lat' dir='ltr'>genus</span> <span class='ocrx_word' id='word_1_112' title='bbox 917 3155 1308 3254; x_wconf 85' lang='lat' dir='ltr'>antiquum</span> <span class='ocrx_word' id='word_1_113' title='bbox 1344 3171 1577 3249; x_wconf 85' lang='lat' dir='ltr'>terrae,</span> <span class='ocrx_word' id='word_1_114' title='bbox 1617 3157 1919 3230; x_wconf 86' lang='lat' dir='ltr'>Titania</span> <span class='ocrx_word' id='word_1_115' title='bbox 1943 3156 2202 3256; x_wconf 74' lang='lat' dir='ltr'>pube3‚</span> 
     </span>
    </p>

    <p class='ocr_par' dir='ltr' id='par_1_16' title="bbox 370 3261 2165 3390">
     <span class='ocr_line' id='line_1_20' title="bbox 370 3261 2165 3390; baseline 0.003 -26"><span class='ocrx_word' id='word_1_116' title='bbox 370 3261 378 3266; x_wconf 84' lang='lat'>.</span> <span class='ocrx_word' id='word_1_117' title='bbox 456 3291 796 3366; x_wconf 88' lang='lat' dir='ltr'>Fulmine</span> <span class='ocrx_word' id='word_1_118' title='bbox 831 3292 1126 3390; x_wconf 89' lang='lat' dir='ltr'>dejecti,</span> <span class='ocrx_word' id='word_1_119' title='bbox 1169 3292 1409 3368; x_wconf 87' lang='lat' dir='ltr'>fundo</span> <span class='ocrx_word' id='word_1_120' title='bbox 1433 3297 1850 3369; x_wconf 69' lang='lat' dir='ltr'>volvuntur</span> <span class='ocrx_word' id='word_1_121' title='bbox 1880 3295 1960 3368; x_wconf 90' lang='lat' dir='ltr'>in</span> <span class='ocrx_word' id='word_1_122' title='bbox 1997 3295 2165 3370; x_wconf 80' lang='lat' dir='ltr'>imo,</span> 
     </span>
    </p>

    <p class='ocr_par' dir='ltr' id='par_1_17' title="bbox 457 3431 2037 3530">
     <span class='ocr_line' id='line_1_21' title="bbox 457 3431 2037 3530; baseline 0.002 -27"><span class='ocrx_word' id='word_1_123' title='bbox 457 3431 602 3503; x_wconf 73' lang='lat' dir='ltr'>Hic</span> <span class='ocrx_word' id='word_1_124' title='bbox 641 3443 718 3504; x_wconf 90' lang='lat' dir='ltr'>et</span> <span class='ocrx_word' id='word_1_125' title='bbox 752 3431 1056 3504; x_wconf 90' lang='lat' dir='ltr'>Aloidas</span> <span class='ocrx_word' id='word_1_126' title='bbox 1090 3432 1448 3530; x_wconf 87' lang='lat' dir='ltr'>geminos,</span> <span class='ocrx_word' id='word_1_127' title='bbox 1497 3433 1851 3507; x_wconf 89' lang='lat' dir='ltr'>immania</span> <span class='ocrx_word' id='word_1_128' title='bbox 1884 3434 2037 3507; x_wconf 90' lang='lat' dir='ltr'>vidi</span> 
     </span>
    </p>

    <p class='ocr_par' dir='ltr' id='par_1_18' title="bbox 459 3569 2515 3670">
     <span class='ocr_line' id='line_1_22' title="bbox 459 3569 2515 3670; baseline 0.003 -28"><span class='ocrx_word' id='word_1_129' title='bbox 459 3569 810 3667; x_wconf 84' lang='lat' dir='ltr'>Corpora,</span> <span class='ocrx_word' id='word_1_130' title='bbox 855 3571 981 3668; x_wconf 91' lang='lat' dir='ltr'>qui</span> <span class='ocrx_word' id='word_1_131' title='bbox 1016 3570 1358 3644; x_wconf 91' lang='lat' dir='ltr'>manibus</span> <span class='ocrx_word' id='word_1_132' title='bbox 1391 3569 1753 3670; x_wconf 87' lang='lat' dir='ltr'>magnum</span> <span class='ocrx_word' id='word_1_133' title='bbox 1788 3574 2215 3648; x_wconf 75' lang='lat' dir='ltr'>&#39;rescindere&#39;</span> <span class='ocrx_word' id='word_1_134' title='bbox 2248 3576 2515 3648; x_wconf 81' lang='lat' dir='ltr'>coelum</span> 
     </span>
    </p>

    <p class='ocr_par' dir='ltr' id='par_1_19' title="bbox 453 3708 2347 3810">
     <span class='ocr_line' id='line_1_23' title="bbox 453 3708 2347 3810; baseline 0.003 -31"><span class='ocrx_word' id='word_1_135' title='bbox 453 3708 830 3807; x_wconf 86' lang='lat' dir='ltr'>Aggressi,</span> <span class='ocrx_word' id='word_1_136' title='bbox 877 3709 1304 3807; x_wconf 86' lang='lat' dir='ltr'>superisque</span> <span class='ocrx_word' id='word_1_137' title='bbox 1337 3711 1384 3782; x_wconf 90' lang='lat' dir='ltr'>J</span> <span class='ocrx_word' id='word_1_138' title='bbox 1389 3735 1603 3783; x_wconf 88' lang='lat' dir='ltr'>ovem</span> <span class='ocrx_word' id='word_1_139' title='bbox 1643 3710 2041 3784; x_wconf 87' lang='lat' dir='ltr'>detrudere</span> <span class='ocrx_word' id='word_1_140' title='bbox 2074 3713 2347 3810; x_wconf 69' lang='lat' dir='ltr'>regnis,</span> 
     </span>
    </p>

    <p class='ocr_par' dir='ltr' id='par_1_20' title="bbox 455 3833 2242 3950">
     <span class='ocr_line' id='line_1_24' title="bbox 455 3833 2242 3950; baseline 0.003 -33"><span class='ocrx_word' id='word_1_141' title='bbox 455 3845 633 3926; x_wconf 91' lang='lat' dir='ltr'>Vidi</span> <span class='ocrx_word' id='word_1_142' title='bbox 671 3857 747 3918; x_wconf 91' lang='lat' dir='ltr'>et</span> <span class='ocrx_word' id='word_1_143' title='bbox 779 3848 1120 3921; x_wconf 79' lang='lat' dir='ltr'>crudeles</span> <span class='ocrx_word' id='word_1_144' title='bbox 1155 3848 1475 3950; x_wconf 34' lang='lat' dir='ltr'>dantem·</span> <span class='ocrx_word' id='word_1_145' title='bbox 1497 3849 1889 3922; x_wconf 88' lang='lat' dir='ltr'>Salmonea</span> <span class='ocrx_word' id='word_1_146' title='bbox 1920 3873 2190 3947; x_wconf 85' lang='lat' dir='ltr'>poenas,</span> <span class='ocrx_word' id='word_1_147' title='bbox 2238 3833 2242 3838; x_wconf 77' lang='lat'>.</span> 
     </span>
    </p>

    <p class='ocr_par' dir='ltr' id='par_1_21' title="bbox 455 3980 2541 4359">
     <span class='ocr_line' id='line_1_25' title="bbox 457 3980 2427 4085; baseline 0.003 -29"><span class='ocrx_word' id='word_1_148' title='bbox 457 3983 661 4057; x_wconf 91' lang='lat' dir='ltr'>Dum</span> <span class='ocrx_word' id='word_1_149' title='bbox 697 3985 1026 4058; x_wconf 83' lang='lat' dir='ltr'>flammas</span> <span class='ocrx_word' id='word_1_150' title='bbox 1059 3987 1106 4058; x_wconf 89' lang='lat' dir='ltr'>J</span> <span class='ocrx_word' id='word_1_151' title='bbox 1111 3985 1266 4058; x_wconf 91' lang='lat' dir='ltr'>ovis</span> <span class='ocrx_word' id='word_1_152' title='bbox 1303 3980 1380 4058; x_wconf 84' lang='lat' dir='ltr'>et</span> <span class='ocrx_word' id='word_1_153' title='bbox 1413 3986 1699 4060; x_wconf 84' lang='lat' dir='ltr'>sonitus</span> <span class='ocrx_word' id='word_1_154' title='bbox 1736 3986 2075 4059; x_wconf 87' lang='lat' dir='ltr'>imitatur</span> <span class='ocrx_word' id='word_1_155' title='bbox 2110 3987 2427 4085; x_wconf 89' lang='lat' dir='ltr'>Olympi.</span> 
     </span>
     <span class='ocr_line' id='line_1_26' title="bbox 455 4120 2541 4220; baseline 0.002 -27"><span class='ocrx_word' id='word_1_156' title='bbox 455 4120 838 4205; x_wconf 87' lang='lat' dir='ltr'>Quattuor</span> <span class='ocrx_word' id='word_1_157' title='bbox 870 4123 992 4194; x_wconf 89' lang='lat' dir='ltr'>hic</span> <span class='ocrx_word' id='word_1_158' title='bbox 1029 4121 1370 4199; x_wconf 85' lang='lat' dir='ltr'>invectus</span> <span class='ocrx_word' id='word_1_159' title='bbox 1409 4123 1643 4220; x_wconf 82' lang='lat' dir='ltr'>equiS,-</span> <span class='ocrx_word' id='word_1_160' title='bbox 1684 4135 1761 4196; x_wconf 91' lang='lat' dir='ltr'>et</span> <span class='ocrx_word' id='word_1_161' title='bbox 1797 4123 2140 4220; x_wconf 88' lang='lat' dir='ltr'>lampada</span> <span class='ocrx_word' id='word_1_162' title='bbox 2172 4149 2541 4220; x_wconf 70' lang='lat' dir='ltr'>quassam,</span> 
     </span>
     <span class='ocr_line' id='line_1_27' title="bbox 457 4256 2521 4359; baseline 0 -25"><span class='ocrx_word' id='word_1_163' title='bbox 457 4256 596 4334; x_wconf 88' lang='lat' dir='ltr'>Per</span> <span class='ocrx_word' id='word_1_164' title='bbox 630 4258 944 4332; x_wconf 74' lang='lat' dir='ltr'>Graium</span> <span class='ocrx_word' id='word_1_165' title='bbox 981 4261 1285 4359; x_wconf 85' lang='lat' dir='ltr'>populos</span> <span class='ocrx_word' id='word_1_166' title='bbox 1321 4259 1732 4358; x_wconf 65' lang='lat' dir='ltr'>mediaeque</span> <span class='ocrx_word' id='word_1_167' title='bbox 1757 4285 1898 4359; x_wconf 84' lang='lat' dir='ltr'>per</span> <span class='ocrx_word' id='word_1_168' title='bbox 1932 4260 2161 4334; x_wconf 88' lang='lat' dir='ltr'>Elidis</span> <span class='ocrx_word' id='word_1_169' title='bbox 2198 4260 2457 4354; x_wconf 78' lang='lat' dir='ltr'>urbem</span> <span class='ocrx_word' id='word_1_170' title='bbox 2514 4315 2521 4322; x_wconf 87' lang='lat'>-</span> 
     </span>
    </p>
   </div>
  </div>
 </body>
</html>
