<?xml version="1.0" encoding="UTF-8"?>
<!DOCTYPE html PUBLIC "-//W3C//DTD XHTML 1.0 Transitional//EN"
    "http://www.w3.org/TR/xhtml1/DTD/xhtml1-transitional.dtd">
<html xmlns="http://www.w3.org/1999/xhtml" xml:lang="en" lang="en">
 <head>
  <title>
</title>
<meta http-equiv="Content-Type" content="text/html;charset=utf-8" />
  <meta name='ocr-system' content='tesseract 3.04.00' />
  <meta name='ocr-capabilities' content='ocr_page ocr_carea ocr_par ocr_line ocrx_word'/>
</head>
<body>
  <div class='ocr_page' id='page_1' title='image "./publiusvergiliu01virggoog/publiusvergiliu01virggoog_0206.png"; bbox 0 0 3234 5334; ppageno 0'>
   <div class='ocr_carea' id='block_1_1' title="bbox 271 673 2540 780">
    <p class='ocr_par' dir='ltr' id='par_1_1' title="bbox 271 673 2540 780">
     <span class='ocr_line' id='line_1_1' title="bbox 271 673 2540 780; baseline 0.006 -36"><span class='ocrx_word' id='word_1_1' title='bbox 271 739 275 744; x_wconf 84' lang='grc'><em>,</em></span> <span class='ocrx_word' id='word_1_2' title='bbox 382 693 446 742; x_wconf 84' lang='lat' dir='ltr'>v.</span> <span class='ocrx_word' id='word_1_3' title='bbox 486 677 651 750; x_wconf 82' lang='lat'><strong><em>¹771.</em></strong></span> <span class='ocrx_word' id='word_1_4' title='bbox 1090 775 1095 780; x_wconf 14' lang='lat'><strong>³</strong></span> <span class='ocrx_word' id='word_1_5' title='bbox 1170 673 1557 750; x_wconf 80' lang='lat' dir='ltr'><strong>LIBER</strong></span> <span class='ocrx_word' id='word_1_6' title='bbox 1655 673 1752 749; x_wconf 85' lang='lat' dir='ltr'>x.</span> <span class='ocrx_word' id='word_1_7' title='bbox 2319 688 2324 692; x_wconf 92' lang='lat'>·</span> <span class='ocrx_word' id='word_1_8' title='bbox 2401 683 2540 760; x_wconf 85' lang='lat'>197</span> 
     </span>
    </p>
   </div>
   <div class='ocr_carea' id='block_1_2' title="bbox 345 835 2526 4414">
    <p class='ocr_par' dir='ltr' id='par_1_2' title="bbox 345 835 2526 3038">
     <span class='ocr_line' id='line_1_2' title="bbox 373 835 2526 970; baseline 0.005 -32"><span class='ocrx_word' id='word_1_9' title='bbox 373 866 626 963; x_wconf 85' lang='lat' dir='ltr'>Atque</span> <span class='ocrx_word' id='word_1_10' title='bbox 660 867 893 943; x_wconf 88' lang='lat' dir='ltr'>oculis</span> <span class='ocrx_word' id='word_1_11' title='bbox 927 835 1247 968; x_wconf 89' lang='lat' dir='ltr'>spatium</span> <span class='ocrx_word' id='word_1_12' title='bbox 1280 895 1624 946; x_wconf 88' lang='lat' dir='ltr'>emensus</span> <span class='ocrx_word' id='word_1_13' title='bbox 1658 879 2022 970; x_wconf 88' lang='lat' dir='ltr'>quantum</span> <span class='ocrx_word' id='word_1_14' title='bbox 2055 869 2230 945; x_wconf 82' lang='lat' dir='ltr'>satis</span> <span class='ocrx_word' id='word_1_15' title='bbox 2263 872 2526 948; x_wconf 79' lang='lat' dir='ltr'>hastae:</span> 
     </span>
     <span class='ocr_line' id='line_1_3' title="bbox 375 1002 2302 1106; baseline 0.004 -31"><span class='ocrx_word' id='word_1_16' title='bbox 375 1002 672 1076; x_wconf 89' lang='lat' dir='ltr'>Dextra</span> <span class='ocrx_word' id='word_1_17' title='bbox 706 1005 887 1078; x_wconf 92' lang='lat' dir='ltr'>mihi</span> <span class='ocrx_word' id='word_1_18' title='bbox 924 1006 1125 1099; x_wconf 88' lang='lat' dir='ltr'>deus,</span> <span class='ocrx_word' id='word_1_19' title='bbox 1174 1020 1249 1082; x_wconf 90' lang='lat' dir='ltr'>et</span> <span class='ocrx_word' id='word_1_20' title='bbox 1284 1010 1517 1082; x_wconf 88' lang='lat' dir='ltr'>telum</span> <span class='ocrx_word' id='word_1_21' title='bbox 1554 1009 1752 1106; x_wconf 89' lang='lat' dir='ltr'>quod</span> <span class='ocrx_word' id='word_1_22' title='bbox 1788 1009 2058 1082; x_wconf 85' lang='lat' dir='ltr'>missile</span> <span class='ocrx_word' id='word_1_23' title='bbox 2095 1008 2302 1100; x_wconf 90' lang='lat' dir='ltr'>libro,</span> 
     </span>
     <span class='ocr_line' id='line_1_4' title="bbox 376 1139 2264 1245; baseline 0.004 -32"><span class='ocrx_word' id='word_1_24' title='bbox 376 1139 614 1214; x_wconf 91' lang='lat' dir='ltr'>Nunc</span> <span class='ocrx_word' id='word_1_25' title='bbox 654 1143 918 1217; x_wconf 80' lang='lat' dir='ltr'><strong>adsint.</strong></span> <span class='ocrx_word' id='word_1_26' title='bbox 1007 1146 1265 1218; x_wconf 86' lang='lat' dir='ltr'>Voveo</span> <span class='ocrx_word' id='word_1_27' title='bbox 1298 1145 1660 1245; x_wconf 86' lang='lat' dir='ltr'>praedonis</span> <span class='ocrx_word' id='word_1_28' title='bbox 1696 1171 2002 1245; x_wconf 85' lang='lat' dir='ltr'>corpore</span> <span class='ocrx_word' id='word_1_29' title='bbox 2035 1148 2264 1245; x_wconf 79' lang='lat' dir='ltr'><strong>raptis</strong></span> 
     </span>
     <span class='ocr_line' id='line_1_5' title="bbox 372 1277 2140 1382; baseline 0.005 -32"><span class='ocrx_word' id='word_1_30' title='bbox 372 1277 739 1354; x_wconf 90' lang='lat' dir='ltr'>Indutum</span> <span class='ocrx_word' id='word_1_31' title='bbox 778 1281 1022 1379; x_wconf 87' lang='lat' dir='ltr'>spoliis</span> <span class='ocrx_word' id='word_1_32' title='bbox 1059 1283 1297 1380; x_wconf 90' lang='lat' dir='ltr'>ipsum</span> <span class='ocrx_word' id='word_1_33' title='bbox 1332 1298 1429 1375; x_wconf 88' lang='lat' dir='ltr'>te,</span> <span class='ocrx_word' id='word_1_34' title='bbox 1478 1285 1736 1376; x_wconf 90' lang='lat' dir='ltr'>Lause,</span> <span class='ocrx_word' id='word_1_35' title='bbox 1784 1297 2140 1382; x_wconf 85' lang='lat' dir='ltr'>tropaeum</span> 
     </span>
     <span class='ocr_line' id='line_1_6' title="bbox 370 1417 2266 1521; baseline 0.003 -31"><span class='ocrx_word' id='word_1_36' title='bbox 370 1417 642 1492; x_wconf 88' lang='lat' dir='ltr'>AEneae.</span> <span class='ocrx_word' id='word_1_37' title='bbox 742 1421 981 1512; x_wconf 86' lang='lat' dir='ltr'>Dixit,</span> <span class='ocrx_word' id='word_1_38' title='bbox 1028 1422 1617 1521; x_wconf 84' lang='lat' dir='ltr'>stridentemque</span> <span class='ocrx_word' id='word_1_39' title='bbox 1653 1423 1942 1497; x_wconf 91' lang='lat' dir='ltr'>eminus</span> <span class='ocrx_word' id='word_1_40' title='bbox 1980 1425 2266 1497; x_wconf 82' lang='lat' dir='ltr'>hastam</span> 
     </span>
     <span class='ocr_line' id='line_1_7' title="bbox 369 1554 2403 1659; baseline 0.003 -32"><span class='ocrx_word' id='word_1_41' title='bbox 369 1554 665 1653; x_wconf 88' lang='lat' dir='ltr'>Injicit:</span> <span class='ocrx_word' id='word_1_42' title='bbox 726 1559 848 1631; x_wconf 88' lang='lat' dir='ltr'>illa</span> <span class='ocrx_word' id='word_1_43' title='bbox 884 1560 1147 1632; x_wconf 86' lang='lat' dir='ltr'>volans·</span> <span class='ocrx_word' id='word_1_44' title='bbox 1178 1561 1439 1658; x_wconf 90' lang='lat' dir='ltr'>clypeo</span> <span class='ocrx_word' id='word_1_45' title='bbox 1475 1573 1585 1634; x_wconf 91' lang='lat' dir='ltr'>est</span> <span class='ocrx_word' id='word_1_46' title='bbox 1622 1585 1953 1654; x_wconf 60' lang='lat' dir='ltr'>excussa,</span> <span class='ocrx_word' id='word_1_47' title='bbox 1999 1562 2403 1659; x_wconf 84' lang='lat' dir='ltr'>proculque</span> 
     </span>
     <span class='ocr_line' id='line_1_8' title="bbox 369 1692 2124 1798; baseline 0.003 -34"><span class='ocrx_word' id='word_1_48' title='bbox 369 1692 781 1792; x_wconf 86' lang='lat' dir='ltr'>Egregium</span> <span class='ocrx_word' id='word_1_49' title='bbox 813 1698 1176 1770; x_wconf 86' lang='lat' dir='ltr'>Antorem</span> <span class='ocrx_word' id='word_1_50' title='bbox 1210 1699 1405 1770; x_wconf 86' lang='lat' dir='ltr'>latus</span> <span class='ocrx_word' id='word_1_51' title='bbox 1438 1698 1638 1772; x_wconf 91' lang='lat' dir='ltr'>inter</span> <span class='ocrx_word' id='word_1_52' title='bbox 1671 1711 1748 1772; x_wconf 90' lang='lat' dir='ltr'>et</span> <span class='ocrx_word' id='word_1_53' title='bbox 1783 1699 1907 1772; x_wconf 88' lang='lat' dir='ltr'>ilia</span> <span class='ocrx_word' id='word_1_54' title='bbox 1939 1699 2124 1798; x_wconf 86' lang='lat' dir='ltr'>figit,</span> 
     </span>
     <span class='ocr_line' id='line_1_9' title="bbox 368 1832 2378 1934; baseline 0.002 -31"><span class='ocrx_word' id='word_1_55' title='bbox 368 1832 717 1906; x_wconf 89' lang='lat' dir='ltr'>Herculis</span> <span class='ocrx_word' id='word_1_56' title='bbox 750 1834 1115 1909; x_wconf 89' lang='lat' dir='ltr'>Antorem</span> <span class='ocrx_word' id='word_1_57' title='bbox 1154 1835 1525 1928; x_wconf 84' lang='lat' dir='ltr'>comitem,</span> <span class='ocrx_word' id='word_1_58' title='bbox 1572 1838 1696 1934; x_wconf 87' lang='lat' dir='ltr'>qui</span> <span class='ocrx_word' id='word_1_59' title='bbox 1734 1837 1993 1910; x_wconf 89' lang='lat' dir='ltr'>missus</span> <span class='ocrx_word' id='word_1_60' title='bbox 2030 1836 2122 1909; x_wconf 94' lang='lat' dir='ltr'>ab</span> <span class='ocrx_word' id='word_1_61' title='bbox 2157 1833 2378 1934; x_wconf 86' lang='lat' dir='ltr'>Argis</span> 
     </span>
     <span class='ocr_line' id='line_1_10' title="bbox 367 1969 2326 2070; baseline 0.002 -28"><span class='ocrx_word' id='word_1_62' title='bbox 367 1969 707 2045; x_wconf 87' lang='lat' dir='ltr'>Haeserat</span> <span class='ocrx_word' id='word_1_63' title='bbox 742 1973 1110 2065; x_wconf 79' lang='lat' dir='ltr'>Evandm,</span> <span class='ocrx_word' id='word_1_64' title='bbox 1160 1988 1383 2070; x_wconf 90' lang='lat' dir='ltr'>atque</span> <span class='ocrx_word' id='word_1_65' title='bbox 1420 1974 1613 2046; x_wconf 92' lang='lat' dir='ltr'>Itala</span> <span class='ocrx_word' id='word_1_66' title='bbox 1649 1974 2086 2047; x_wconf 82' lang='lat' dir='ltr'>consederat</span> <span class='ocrx_word' id='word_1_67' title='bbox 2119 1972 2326 2066; x_wconf 87' lang='lat' dir='ltr'>urbe.</span> 
     </span>
     <span class='ocr_line' id='line_1_11' title="bbox 345 2108 2146 2208; baseline 0.001 -28"><span class='ocrx_word' id='word_1_68' title='bbox 345 2108 741 2184; x_wconf 75' lang='lat' dir='ltr'>&#39;Sternitur</span> <span class='ocrx_word' id='word_1_69' title='bbox 775 2110 1040 2184; x_wconf 84' lang='lat' dir='ltr'>infelix</span> <span class='ocrx_word' id='word_1_70' title='bbox 1078 2113 1323 2184; x_wconf 88' lang='lat' dir='ltr'>alieno</span> <span class='ocrx_word' id='word_1_71' title='bbox 1356 2112 1685 2202; x_wconf 90' lang='lat' dir='ltr'>vulnere,</span> <span class='ocrx_word' id='word_1_72' title='bbox 1733 2112 2146 2208; x_wconf 87' lang='lat' dir='ltr'>coelumque</span> 
     </span>
     <span class='ocr_line' id='line_1_12' title="bbox 361 2246 2335 2346; baseline 0.002 -28"><span class='ocrx_word' id='word_1_73' title='bbox 361 2246 727 2346; x_wconf 88' lang='lat' dir='ltr'>Adspicit,</span> <span class='ocrx_word' id='word_1_74' title='bbox 777 2259 853 2322; x_wconf 90' lang='lat' dir='ltr'>et</span> <span class='ocrx_word' id='word_1_75' title='bbox 888 2249 1143 2322; x_wconf 89' lang='lat' dir='ltr'>dulces</span> <span class='ocrx_word' id='word_1_76' title='bbox 1181 2250 1503 2322; x_wconf 90' lang='lat' dir='ltr'>moriens</span> <span class='ocrx_word' id='word_1_77' title='bbox 1538 2249 2042 2322; x_wconf 88' lang='lat' dir='ltr'>reminiscitur</span> <span class='ocrx_word' id='word_1_78' title='bbox 2073 2249 2335 2346; x_wconf 64' lang='lat' dir='ltr'>Argoa</span> 
     </span>
     <span class='ocr_line' id='line_1_13' title="bbox 359 2383 2272 2484; baseline 0.001 -28"><span class='ocrx_word' id='word_1_79' title='bbox 359 2383 557 2457; x_wconf 89' lang='lat' dir='ltr'>Tum</span> <span class='ocrx_word' id='word_1_80' title='bbox 595 2387 757 2483; x_wconf 85' lang='lat' dir='ltr'>pius</span> <span class='ocrx_word' id='word_1_81' title='bbox 786 2388 1063 2478; x_wconf 82' lang='lat' dir='ltr'>AEneas</span> <span class='ocrx_word' id='word_1_82' title='bbox 1092 2389 1381 2460; x_wconf 87' lang='lat' dir='ltr'>hastam</span> <span class='ocrx_word' id='word_1_83' title='bbox 1406 2385 1660 2484; x_wconf 76' lang='lat' dir='ltr'>jacitz·</span> <span class='ocrx_word' id='word_1_84' title='bbox 1692 2386 1818 2458; x_wconf 90' lang='lat' dir='ltr'>illa</span> <span class='ocrx_word' id='word_1_85' title='bbox 1851 2410 1984 2483; x_wconf 87' lang='lat' dir='ltr'>per</span> <span class='ocrx_word' id='word_1_86' title='bbox 2018 2385 2272 2459; x_wconf 91' lang='lat' dir='ltr'>orbem</span> 
     </span>
     <span class='ocr_line' id='line_1_14' title="bbox 357 2522 2278 2623; baseline 0.001 -28"><span class='ocrx_word' id='word_1_87' title='bbox 357 2522 533 2596; x_wconf 86' lang='lat' dir='ltr'>AEre</span> <span class='ocrx_word' id='word_1_88' title='bbox 570 2548 835 2596; x_wconf 87' lang='lat' dir='ltr'>cavum</span> <span class='ocrx_word' id='word_1_89' title='bbox 870 2524 1166 2623; x_wconf 90' lang='lat' dir='ltr'>triplici,</span> <span class='ocrx_word' id='word_1_90' title='bbox 1215 2549 1349 2621; x_wconf 92' lang='lat' dir='ltr'>per</span> <span class='ocrx_word' id='word_1_91' title='bbox 1380 2524 1581 2598; x_wconf 89' lang='lat' dir='ltr'>linea</span> <span class='ocrx_word' id='word_1_92' title='bbox 1611 2535 1847 2622; x_wconf 87' lang='lat' dir='ltr'>terga,</span> <span class='ocrx_word' id='word_1_93' title='bbox 1893 2522 2278 2620; x_wconf 88' lang='lat' dir='ltr'>tribusque</span> 
     </span>
     <span class='ocr_line' id='line_1_15' title="bbox 356 2659 2174 2760; baseline 0.001 -28"><span class='ocrx_word' id='word_1_94' title='bbox 356 2660 688 2734; x_wconf 83' lang='lat' dir='ltr'>Transiit</span> <span class='ocrx_word' id='word_1_95' title='bbox 724 2661 1103 2736; x_wconf 89' lang='lat' dir='ltr'>intextum</span> <span class='ocrx_word' id='word_1_96' title='bbox 1136 2662 1369 2736; x_wconf 89' lang='lat' dir='ltr'>tauris</span> <span class='ocrx_word' id='word_1_97' title='bbox 1405 2687 1607 2759; x_wconf 76' lang='lat' dir='ltr'>opuS‚</span> <span class='ocrx_word' id='word_1_98' title='bbox 1656 2661 1948 2760; x_wconf 89' lang='lat' dir='ltr'>imaque</span> <span class='ocrx_word' id='word_1_99' title='bbox 1981 2659 2174 2734; x_wconf 88' lang='lat' dir='ltr'>sedit</span> 
     </span>
     <span class='ocr_line' id='line_1_16' title="bbox 359 2797 2352 2898; baseline 0.001 -28"><span class='ocrx_word' id='word_1_100' title='bbox 359 2797 690 2897; x_wconf 89' lang='lat' dir='ltr'>Inguine</span> <span class='ocrx_word' id='word_1_101' title='bbox 711 2827 729 2888; x_wconf 84' lang='lat'><em>3</em></span> <span class='ocrx_word' id='word_1_102' title='bbox 787 2800 919 2872; x_wconf 89' lang='lat' dir='ltr'>sed</span> <span class='ocrx_word' id='word_1_103' title='bbox 953 2800 1145 2874; x_wconf 89' lang='lat' dir='ltr'>vires</span> <span class='ocrx_word' id='word_1_104' title='bbox 1180 2800 1381 2873; x_wconf 89' lang='lat' dir='ltr'>haud</span> <span class='ocrx_word' id='word_1_105' title='bbox 1416 2799 1744 2898; x_wconf 87' lang='lat' dir='ltr'>pertulit.</span> <span class='ocrx_word' id='word_1_106' title='bbox 1834 2798 2062 2872; x_wconf 87' lang='lat' dir='ltr'>Ocius</span> <span class='ocrx_word' id='word_1_107' title='bbox 2101 2823 2352 2872; x_wconf 87' lang='lat' dir='ltr'>ensem</span> 
     </span>
     <span class='ocr_line' id='line_1_17' title="bbox 358 2931 1954 3038; baseline 0.001 -29"><span class='ocrx_word' id='word_1_108' title='bbox 358 2936 653 3028; x_wconf 80' lang='lat' dir='ltr'>AEneaS,</span> <span class='ocrx_word' id='word_1_109' title='bbox 701 2931 859 3010; x_wconf 86' lang='lat' dir='ltr'>viso</span> <span class='ocrx_word' id='word_1_110' title='bbox 884 2937 1255 3036; x_wconf 87' lang='lat' dir='ltr'>Tyrrheni</span> <span class='ocrx_word' id='word_1_111' title='bbox 1290 2938 1679 3038; x_wconf 88' lang='lat' dir='ltr'>sanguine,</span> <span class='ocrx_word' id='word_1_112' title='bbox 1728 2938 1954 3028; x_wconf 82' lang='lat' dir='ltr'>laetuS,</span> 
     </span>
    </p>

    <p class='ocr_par' dir='ltr' id='par_1_3' title="bbox 358 3073 2235 3312">
     <span class='ocr_line' id='line_1_18' title="bbox 358 3073 2235 3173; baseline 0 -27"><span class='ocrx_word' id='word_1_113' title='bbox 358 3073 605 3173; x_wconf 86' lang='lat' dir='ltr'>Eripit</span> <span class='ocrx_word' id='word_1_114' title='bbox 639 3097 683 3146; x_wconf 92' lang='lat' dir='ltr'>a</span> <span class='ocrx_word' id='word_1_115' title='bbox 708 3074 1017 3166; x_wconf 84' lang='lat' dir='ltr'>femine,</span> <span class='ocrx_word' id='word_1_116' title='bbox 1066 3087 1143 3148; x_wconf 88' lang='lat' dir='ltr'>et</span> <span class='ocrx_word' id='word_1_117' title='bbox 1178 3076 1587 3173; x_wconf 88' lang='lat' dir='ltr'>trepidanti</span> <span class='ocrx_word' id='word_1_118' title='bbox 1620 3075 1950 3148; x_wconf 90' lang='lat' dir='ltr'>fervidus</span> <span class='ocrx_word' id='word_1_119' title='bbox 1985 3074 2235 3147; x_wconf 85' lang='lat' dir='ltr'>instat.</span> 
     </span>
     <span class='ocr_line' id='line_1_19' title="bbox 362 3211 2010 3312; baseline 0 -28"><span class='ocrx_word' id='word_1_120' title='bbox 362 3213 750 3312; x_wconf 87' lang='lat' dir='ltr'>Ingemuit</span> <span class='ocrx_word' id='word_1_121' title='bbox 786 3211 939 3286; x_wconf 86' lang='lat' dir='ltr'>cari</span> <span class='ocrx_word' id='word_1_122' title='bbox 974 3215 1305 3312; x_wconf 87' lang='lat' dir='ltr'>graviter</span> <span class='ocrx_word' id='word_1_123' title='bbox 1338 3211 1698 3312; x_wconf 88' lang='lat' dir='ltr'>genitoris</span> <span class='ocrx_word' id='word_1_124' title='bbox 1741 3235 2010 3302; x_wconf 89' lang='lat' dir='ltr'>amore,</span> 
     </span>
    </p>

    <p class='ocr_par' dir='ltr' id='par_1_4' title="bbox 359 3349 2259 3586">
     <span class='ocr_line' id='line_1_20' title="bbox 359 3349 2259 3448; baseline -0.002 -24"><span class='ocrx_word' id='word_1_125' title='bbox 359 3351 471 3424; x_wconf 92' lang='lat' dir='ltr'>Ut</span> <span class='ocrx_word' id='word_1_126' title='bbox 504 3351 715 3442; x_wconf 88' lang='lat' dir='ltr'>vidit,</span> <span class='ocrx_word' id='word_1_127' title='bbox 769 3351 1070 3441; x_wconf 82' lang='lat' dir='ltr'>LausuS,</span> <span class='ocrx_word' id='word_1_128' title='bbox 1117 3352 1609 3448; x_wconf 70' lang='lat' dir='ltr'>lacrymaeque</span> <span class='ocrx_word' id='word_1_129' title='bbox 1645 3371 1778 3448; x_wconf 90' lang='lat' dir='ltr'>per</span> <span class='ocrx_word' id='word_1_130' title='bbox 1811 3372 1940 3422; x_wconf 89' lang='lat' dir='ltr'>ora</span> <span class='ocrx_word' id='word_1_131' title='bbox 1971 3349 2259 3422; x_wconf 88' lang='lat' dir='ltr'>volut-ae.</span> 
     </span>
     <span class='ocr_line' id='line_1_21' title="bbox 360 3477 2246 3586; baseline -0.001 -26"><span class='ocrx_word' id='word_1_132' title='bbox 360 3487 507 3560; x_wconf 74' lang='lat' dir='ltr'>Hic</span> <span class='ocrx_word' id='word_1_133' title='bbox 540 3488 799 3562; x_wconf 86' lang='lat' dir='ltr'>mortis</span> <span class='ocrx_word' id='word_1_134' title='bbox 837 3488 1039 3561; x_wconf 80' lang='lat' dir='ltr'>durae</span> <span class='ocrx_word' id='word_1_135' title='bbox 1074 3477 1347 3580; x_wconf 81' lang='lat' dir='ltr'>casum,</span> <span class='ocrx_word' id='word_1_136' title='bbox 1396 3500 1674 3585; x_wconf 89' lang='lat' dir='ltr'>tuaque</span> <span class='ocrx_word' id='word_1_137' title='bbox 1709 3487 1990 3586; x_wconf 90' lang='lat' dir='ltr'>optima</span> <span class='ocrx_word' id='word_1_138' title='bbox 2022 3486 2246 3578; x_wconf 88' lang='lat' dir='ltr'>facta,</span> 
     </span>
    </p>

    <p class='ocr_par' dir='ltr' id='par_1_5' title="bbox 361 3625 2176 3724">
     <span class='ocr_line' id='line_1_22' title="bbox 361 3625 2176 3724; baseline -0.002 -26"><span class='ocrx_word' id='word_1_139' title='bbox 361 3625 432 3698; x_wconf 93' lang='lat' dir='ltr'>Si</span> <span class='ocrx_word' id='word_1_140' title='bbox 472 3651 621 3722; x_wconf 91' lang='lat' dir='ltr'>qua</span> <span class='ocrx_word' id='word_1_141' title='bbox 654 3625 875 3699; x_wconf 90' lang='lat' dir='ltr'>fidem</span> <span class='ocrx_word' id='word_1_142' title='bbox 910 3637 1127 3698; x_wconf 89' lang='lat' dir='ltr'>tanto</span> <span class='ocrx_word' id='word_1_143' title='bbox 1162 3638 1273 3698; x_wconf 89' lang='lat' dir='ltr'>est</span> <span class='ocrx_word' id='word_1_144' title='bbox 1310 3626 1512 3724; x_wconf 88' lang='lat' dir='ltr'>operi</span> <span class='ocrx_word' id='word_1_145' title='bbox 1546 3626 1791 3699; x_wconf 91' lang='lat' dir='ltr'>latura</span> <span class='ocrx_word' id='word_1_146' title='bbox 1826 3635 2176 3714; x_wconf 86' lang='lat' dir='ltr'>vetustas,</span> 
     </span>
    </p>

    <p class='ocr_par' dir='ltr' id='par_1_6' title="bbox 359 3759 2452 4414">
     <span class='ocr_line' id='line_1_23' title="bbox 360 3759 2452 3861; baseline -0 -26"><span class='ocrx_word' id='word_1_147' title='bbox 360 3763 543 3836; x_wconf 89' lang='lat' dir='ltr'>Non</span> <span class='ocrx_word' id='word_1_148' title='bbox 580 3763 945 3860; x_wconf 87' lang='lat' dir='ltr'>equidem,</span> <span class='ocrx_word' id='word_1_149' title='bbox 991 3787 1136 3836; x_wconf 89' lang='lat' dir='ltr'>nec</span> <span class='ocrx_word' id='word_1_150' title='bbox 1172 3774 1269 3854; x_wconf 88' lang='lat' dir='ltr'>te,</span> <span class='ocrx_word' id='word_1_151' title='bbox 1320 3762 1620 3861; x_wconf 88' lang='lat' dir='ltr'>juvenis</span> <span class='ocrx_word' id='word_1_152' title='bbox 1656 3761 2156 3852; x_wconf 85' lang='lat' dir='ltr'>memorande,</span> <span class='ocrx_word' id='word_1_153' title='bbox 2203 3759 2452 3834; x_wconf 90' lang='lat' dir='ltr'>silebo.</span> 
     </span>
     <span class='ocr_line' id='line_1_24' title="bbox 362 3900 2257 4000; baseline -0.001 -26"><span class='ocrx_word' id='word_1_154' title='bbox 362 3901 501 3974; x_wconf 88' lang='lat' dir='ltr'>Ille</span> <span class='ocrx_word' id='word_1_155' title='bbox 538 3902 805 4000; x_wconf 90' lang='lat' dir='ltr'>pedem</span> <span class='ocrx_word' id='word_1_156' title='bbox 840 3902 1193 3994; x_wconf 71' lang='lat' dir='ltr'>referem,</span> <span class='ocrx_word' id='word_1_157' title='bbox 1242 3915 1317 3976; x_wconf 87' lang='lat' dir='ltr'>et</span> <span class='ocrx_word' id='word_1_158' title='bbox 1354 3902 1657 3994; x_wconf 80' lang='lat' dir='ltr'>inutilis,</span> <span class='ocrx_word' id='word_1_159' title='bbox 1704 3901 1929 3999; x_wconf 90' lang='lat' dir='ltr'>inque</span> <span class='ocrx_word' id='word_1_160' title='bbox 1964 3900 2257 3999; x_wconf 76' lang='lat' dir='ltr'>ligatuS,</span> 
     </span>
     <span class='ocr_line' id='line_1_25' title="bbox 364 4037 2306 4149; baseline 0 -37"><span class='ocrx_word' id='word_1_161' title='bbox 364 4039 725 4131; x_wconf 85' lang='lat' dir='ltr'>Cedebat,</span> <span class='ocrx_word' id='word_1_162' title='bbox 774 4040 1181 4138; x_wconf 90' lang='lat' dir='ltr'>clypeoque</span> <span class='ocrx_word' id='word_1_163' title='bbox 1218 4039 1604 4112; x_wconf 90' lang='lat' dir='ltr'>inimicum</span> <span class='ocrx_word' id='word_1_164' title='bbox 1641 4038 1905 4149; x_wconf 84' lang='lat' dir='ltr'>hastile</span> <span class='ocrx_word' id='word_1_165' title='bbox 1940 4037 2306 4112; x_wconf 88' lang='lat' dir='ltr'>trahebat.</span> 
     </span>
     <span class='ocr_line' id='line_1_26' title="bbox 359 4175 2118 4275; baseline -0.001 -26"><span class='ocrx_word' id='word_1_166' title='bbox 359 4175 709 4275; x_wconf 91' lang='lat' dir='ltr'>Prorupit</span> <span class='ocrx_word' id='word_1_167' title='bbox 738 4176 1057 4275; x_wconf 73' lang='lat' dir='ltr'>juveniS,</span> <span class='ocrx_word' id='word_1_168' title='bbox 1102 4201 1403 4274; x_wconf 88' lang='lat' dir='ltr'>seseque</span> <span class='ocrx_word' id='word_1_169' title='bbox 1442 4176 1844 4250; x_wconf 89' lang='lat' dir='ltr'>immiscuit</span> <span class='ocrx_word' id='word_1_170' title='bbox 1880 4176 2118 4265; x_wconf 80' lang='lat' dir='ltr'>armis,</span> 
     </span>
     <span class='ocr_line' id='line_1_27' title="bbox 359 4311 2352 4414; baseline -0.001 -27"><span class='ocrx_word' id='word_1_171' title='bbox 359 4314 681 4411; x_wconf 88' lang='lat' dir='ltr'>Jamque</span> <span class='ocrx_word' id='word_1_172' title='bbox 716 4314 1171 4414; x_wconf 89' lang='lat' dir='ltr'>assurgentis</span> <span class='ocrx_word' id='word_1_173' title='bbox 1204 4313 1493 4405; x_wconf 85' lang='lat' dir='ltr'>dextra,</span> <span class='ocrx_word' id='word_1_174' title='bbox 1543 4315 1986 4413; x_wconf 85' lang='lat' dir='ltr'>plagamque</span> <span class='ocrx_word' id='word_1_175' title='bbox 2019 4311 2352 4404; x_wconf 86' lang='lat' dir='ltr'>ferentis,</span> 
     </span>
    </p>
   </div>
  </div>
 </body>
</html>
