3234 5334
696 641 846 707 114-
1029 706 1042 715 ,
1539 628 1973 711 AENEIS⁴
2560 654 2631 703 v.
2670 638 2831 713 229.
2948 577 2955 583 ’

685 828 1058 905 Dentibus
1095 830 1551 906 infrendens,
1645 834 1795 906 Ter
1824 844 2069 907 totum
2100 827 2431 905 fervidus
2464 826 2580 903 ira

686 966 986 1041 Lustrat
1020 969 1382 1044 Aventini
1419 981 1790 1061 montem3
1848 983 1966 1044 ter
1998 994 2225 1045 saxea
2256 980 2506 1043 tentat

685 1103 978 1179 Limina
1013 1106 1552 1205 nequidquam;
1611 1120 1729 1181 ter
1760 1108 1993 1183 fessus
2025 1108 2221 1183 valle
2253 1106 2551 1181 resedit.

680 1243 940 1317 Stabat
973 1258 1198 1319 acuta
1230 1246 1439 1342 sileat,
1484 1246 1801 1345 praecisis
1840 1247 2169 1345 undique
2203 1246 2423 1339 saxiS,
2442 1317 2459 1329 ,

680 1381 1062 1479 Speluncae
1095 1383 1314 1456 dorso
1348 1383 1775 1483 insurgens,
1812 1386 2167 1459 altissima
2198 1384 2384 1475 visu,

679 1518 1035 1593 Dirarum
1071 1520 1264 1595 nidis
1299 1521 1562 1596 domus
1597 1534 2018 1621 opportuna
2050 1525 2466 1597 volucrum.

675 1656 922 1751 Hane,
967 1671 1054 1733 ut
1086 1684 1322 1758 prona
1342 1659 1532 1759 jugo
1563 1662 1829 1734 laevum
1864 1660 2349 1735 incumbebat
2384 1659 2479 1733 ad
2506 1682 2825 1749 amnem,

672 1795 969 1871 Dexter
1002 1797 1080 1871 in
1117 1798 1506 1872 adversum
1543 1799 1795 1873 nitens
1829 1798 2227 1890 concussit,
2273 1809 2353 1872 et
2387 1797 2553 1885 imis

673 1936 1032 2009 Avulsam
1067 1937 1286 2012 solvit
1323 1936 1733 2027 radicibus3
1792 1936 1969 2011 inde
2010 1948 2319 2034 repente

675 2070 1004 2169 Impulit,
1052 2073 1372 2172 impulsu
1405 2098 1554 2171 quo
1587 2074 1959 2149 maximus
1995 2074 2293 2150 insonat
2326 2073 2596 2147 aether:

675 2208 1100 2283 Dissultant
1132 2212 1326 2309 ripae,
1373 2211 1767 2311 refluitque
1804 2212 2204 2286 exterritus
2241 2211 2503 2284 amnis,

669 2348 779 2421 At
811 2371 1071 2447 specus
1107 2358 1186 2421 et
1221 2348 1408 2424 Caci
1442 2347 1745 2423 detecta
1776 2347 2119 2445 apparuit
2155 2346 2423 2446 ingens

673 2486 932 2585 Regia,
979 2497 1056 2560 et
1088 2484 1447 2559 umbrosae
1481 2484 1779 2583 penitus
1814 2497 2119 2583 patuere
2162 2509 2536 2559 cavemae:

671 2624 853 2697 Non
889 2648 1100 2697 secus
1139 2648 1226 2697 ac
1261 2623 1321 2695 si
1356 2647 1504 2720 qua
1536 2622 1835 2720 penitus
1867 2623 1943 2697 vi
1976 2634 2178 2697 terra
2210 2622 2607 2697 dehiscens

673 2760 1016 2833 Infernas
1051 2771 1329 2833 reseret
1361 2760 1589 2852 sedeS,
1640 2772 1718 2833 et
1752 2784 1988 2859 regna
2020 2760 2361 2834 recludat

673 2897 975 2989 Pallida,
1024 2897 1135 2970 dis
1172 2898 1429 2990 invisa,
1477 2920 1847 2996 superque
1878 2898 2205 2971 immane
2238 2898 2674 2972 barathrum

673 3032 1068 3126 Cernatur,
1113 3026 1492 3134 trepident
1525 3034 1850 3109 immisso
1884 3034 2166 3108 lumine
2202 3035 2492 3108 Manes.

667 3171 872 3271 Ergo
907 3173 1278 3271 insperata
1311 3170 1756 3271 deprensum
1794 3172 1871 3245 in
1909 3173 2078 3246 luce
2112 3184 2443 3271 repente,

668 3310 1202 3407 Inclusumque
1237 3334 1422 3385 cavo
1457 3334 1660 3401 saxo,
1710 3320 1931 3408 atque
1966 3309 2261 3384 insueta
2298 3309 2726 3401 rudentem,

663 3446 1010 3545 Desuper
1041 3445 1342 3519 Alcides
1378 3446 1544 3520 telis
1580 3448 1870 3545 premit,
1917 3420 2314 3546 omniaque
2348 3471 2555 3521 arma

547 3618 558 3627 ·
662 3584 1028 3677 Advocat,
1076 3595 1155 3657 et
1187 3584 1408 3657 ramis
1442 3584 1813 3682 vastisque
1848 3583 2246 3659 molaribus
2280 3584 2531 3659 instat.

661 3724 802 3799 Ille
838 3736 1110 3815 autem,
1158 3746 1400 3819 neque
1437 3722 1639 3795 enim
1674 3720 1859 3821 fuga
1881 3719 2039 3819 jam
2074 3746 2293 3821 super
2326 3723 2478 3796 ulla
2510 3720 2794 3821 pericli,

661 3862 1030 3940 Faucibus
1069 3862 1455 3958 ingentem
1489 3852 1819 3951 fumum,
1848 3858 2183 3935 mirabile
2216 3858 2447 3952 dictu,

659 4000 982 4092 Evomit,
1033 3998 1492 4097 involvitque
1529 3998 1833 4071 domum
1872 3997 2195 4097 caligine
2232 4022 2449 4089 caeca,

659 4140 1147 4237 Prospectum
1181 4136 1500 4235 eripiens
1536 4135 1809 4226 oculis}
1868 4137 2381 4235 glomeratque
2416 4135 2553 4210 sub
2576 4146 2808 4211 antro

659 4276 1113 4355 Fumiferam
1149 4284 1473 4369 noctem,
1524 4273 1947 4351 commixtis
1982 4274 2161 4375 igne
2194 4272 2542 4349 tenebris,
