3234 5334
410 684 477 735 v.
518 668 681 733 358.
1200 657 1589 736 LIBER
1689 662 1787 759 Χ.
2443 672 2568 739 181

404 857 707 955 Anceps
741 880 1003 956 pugna
1034 856 1203 949 diu;
1261 870 1467 933 stant
1501 859 1786 934 obnixa
1817 858 2072 935 omnia
2107 868 2392 937 contra.

293 1031 303 1041 ·
406 994 635 1068 Haud
675 995 891 1071 aliter
914 995 1251 1094 Trojanae
1286 997 1485 1073 acies
1522 998 1866 1096 aciesque
1899 997 2186 1075 Latinae

407 1133 899 1208 Concurrunt
915 1162 935 1224 ;
992 1135 1223 1211 haeret
1257 1136 1449 1235 pede
1484 1160 1635 1235 peS,
1684 1137 2104 1237 densusque
2141 1138 2303 1215 viro
2335 1140 2472 1215 vir.

550 1273 659 1345 At
692 1284 905 1370 parte
940 1297 1037 1347 ex
1072 1273 1239 1366 alia,
1286 1299 1435 1372 qua
1466 1299 1652 1350 saxa
1685 1274 2016 1353 rotantia
2049 1277 2200 1353 late

406 1410 821 1509 Impulerat
858 1424 1145 1487 torrens
1182 1412 1632 1510 arbustaque
1667 1413 1918 1517 diruta
1953 1413 2146 1513 ripis,

401 1549 761 1641 Arcadas,
806 1550 1135 1625 insuetos
1173 1550 1369 1625 acies
1404 1550 1684 1627 inferre
1717 1552 2116 1651 pedestreS,

401 1688 515 1763 Ut
548 1688 739 1762 vidit
774 1688 1013 1763 Pallas
1053 1689 1269 1763 Latio
1304 1690 1483 1765 dare
1518 1702 1736 1789 terga
1769 1691 2091 1788 sequaci,

400 1826 689 1925 Aspera
723 1828 929 1925 queis
964 1840 1237 1903 natura
1270 1827 1419 1903 loci
1451 1820 1832 1907 dimittere
1869 1828 2170 1927 quando

400 1966 645 2039 Suasit
680 1990 943 2063 equos3
1003 1994 1237 2041 unum
1272 1967 1470 2066 quod
1507 1968 1726 2045 rebus
1761 1979 1990 2045 restat
2025 1965 2305 2066 egenis»,

404 2103 639 2179 Nunc
676 2131 917 2204 prece,
966 2132 1173 2181 nunc
1210 2106 1433 2181 dictis
1467 2107 1824 2181 virtutem
1861 2106 2212 2183 accendit
2247 2100 2552 2183 amaris:

550 2243 726 2327 Quo
759 2242 1043 2343 fugitis,
1090 2246 1316 2319 socii?
1355 2244 1501 2346 'per
1532 2270 1664 2319 vos
1698 2257 1776 2320 et
1807 2245 2032 2320 fortia
2063 2244 2288 2339 faeta,

401 2379 545 2455 Per
576 2381 789 2455 ducis
826 2381 1159 2457 Evandri
1192 2408 1493 2475 nomen,
1542 2384 1985 2481 devictaque
2023 2384 2239 2475 bella,

400 2519 765 2617 Spemque
800 2544 1065 2613 meam,
1106 2522 1361 2620 patriae
1390 2548 1551 2619 quae
1580 2548 1788 2597 nunc
1816 2521 2016 2596 subit
2045 2522 2310 2595 aemula
2335 2521 2557 2614 laudi,

400 2657 642 2733 Fidite
678 2684 776 2734 ne
811 2660 1142 2757 pedibus,
1238 2662 1464 2737 Ferro
1500 2660 1917 2759 rumpenda
1948 2686 2082 2759 per
2113 2662 2360 2757 hostes

397 2797 531 2887 Est
566 2798 709 2889 via,
758 2824 907 2895 qua
940 2799 1205 2899 globus
1242 2800 1367 2875 ille
1400 2800 1642 2874 virum
1679 2798 2154 2874 densissimus
2189 2813 2449 2900 urget:

398 2936 564 3011 Hac
604 2962 731 3011 vos
770 2950 847 3011 et
881 2938 1225 3015 Pallanta
1258 2939 1529 3013 ducem
1564 2939 1806 3037 patria
1841 2939 1994 3013 alta
2027 2940 2368 3037 reposcit.

401 3074 743 3149 Numina
777 3078 985 3150 nulla
1018 3088 1406 3176 premunt:
1464 3078 1762 3151 mortali
1801 3101 2158 3175 urgemur
2179 3060 2284 3149 ’ab
2320 3078 2532 3152 hoste

398 3214 761 3289 Mortales
782 3244 809 3289 :-
858 3216 1175 3290 totidem
1208 3216 1425 3289 nobis
1459 3216 1870 3313 animaeque
1903 3238 2338 3311 manusque.

395 3354 595 3427 Ecce
641 3355 862 3427 maris
898 3378 1180 3453 magna
1216 3353 1498 3427 claudit
1532 3378 1668 3427 nos
1704 3351 1918 3427 obice
1951 3364 2225 3452 pontus
2244 3381 2264 3443 ;

394 3492 631 3566 Deest
654 3492 816 3590 jam
852 3506 1052 3567 terra
1074 3491 1319 3591 ,fugaez
1376 3493 1706 3591 pelagus,
1745 3489 2142 3588 Trojamne
2179 3491 2566 3589 petemus?

540 3632 723 3703 Haec
762 3632 888 3723 ait,
935 3644 1012 3705 et
1046 3632 1335 3739 medius
1372 3631 1640 3705 densos
1677 3630 2094 3728 prorumpit
2125 3629 2204 3703 in
2242 3630 2510 3706 hostes·

396 3767 679 3842 Obvius
718 3769 895 3843 huic
932 3769 1273 3868 primum,
1320 3767 1493 3843 fatis
1530 3768 1899 3844 adductus
1936 3769 2226 3866 iniquiS‚

393 3907 511 3981 Fit
541 3908 831 4007 Lagus:
872 3909 1099 4000 hunc,
1138 3932 1417 4007 magno
1447 3908 1655 3982 vellit
1681 3907 1862 3982 dum
1897 3908 2226 4006 pondere
2263 3932 2550 3999 saxum,

394 4045 692 4119 Intorto
726 4046 891 4145 figit
924 4047 1097 4138 telo,
1143 4045 1573 4119 discrimina
1610 4045 1833 4119 costis

393 4183 535 4257 Per
566 4183 899 4257 medium
936 4210 1083 4282 qua
1116 4184 1329 4283 spina
1361 4184 1590 4277 dedit,
1640 4185 2079 4282 hastamque
2111 4166 2479 4282 receptat·

395 4321 699 4397 Ossibus
728 4323 1153 4399 haerentem.
1217 4323 1463 4408 Quem
1500 4347 1652 4397 non
1691 4348 1911 4421 super
1937 4333 2264 4423 occupat.
2287 4321 2548 4415 Hisb0,
2580 4372 2589 4377 -
