3234 5334
396 687 465 734 v.
512 668 669 736 151.
1166 662 1554 737 LIBER
1653 664 1794 739 XI.
2421 677 2566 750 209

396 859 579 932 Non
617 860 797 950 haee,
846 884 891 933 o
927 859 1150 951 Palla,
1198 860 1511 935 dederas
1548 863 1905 960 promissa
1935 862 2256 961 parenti,

398 997 714 1071 Cautius
752 1009 839 1071 ut
874 998 1065 1071 sae’vo
1098 999 1325 1073 velles
1362 1013 1439 1073 te
1476 998 1782 1077 credere
1819 1000 2092 1075 Marti!

396 1136 624 1208 Haud
662 1136 966 1235 ignarus
1002 1162 1206 1210 eram
1241 1149 1607 1236 quantum
1641 1164 1840 1212 nova
1873 1138 2112 1237 gloria
2145 1139 2226 1213 in
2259 1140 2501 1232 armis,

394 1273 496 1347 Et
528 1275 899 1372 praedulce
936 1275 1165 1351 decus
1196 1276 1439 1374 primo
1476 1277 1884 1351 certamine
1921 1288 2185 1375 posset.

395 1412 753 1486 Primitiae
769 1412 1069 1511 juvenis
1105 1414 1407 1505 miserae,
1454 1414 1780 1512 bellique
1815 1416 2210 1514 propinqui

396 1551 610 1624 Dura
644 1552 1111 1627 rudimenta!
1170 1565 1247 1627 et
1278 1553 1469 1627 nulli
1505 1553 1862 1629 exaudita
1897 1553 2207 1629 deorum

392 1692 593 1764 Vota
625 1715 1033 1789 precesque
1064 1694 1282 1765 meae!
1336 1692 1622 1789 Tuque,
1663 1718 1708 1765 o
1745 1692 2210 1767 sanctissima
2245 1690 2547 1790 conjux,

396 1828 605 1902 Felix
642 1842 881 1903 morte
914 1844 1067 1923 tua,
1114 1854 1359 1928 neque
1395 1830 1473 1903 in
1512 1831 1718 1903 hunc
1751 1841 2044 1905 servata
2077 1831 2445 1903 dolorem!
2545 1864 2556 1877 ·

400 1968 689 2042 Contra
724 1993 867 2067 ego
900 1968 1225 2045 vivendo
1262 1968 1407 2041 vici
1443 1994 1612 2041 mea
1643 1966 1823 2059 fata,
1869 1982 2236 2066 superstes

393 2107 781 2213 Restarem
814 2120 903 2181 ut
937 2107 1257 2205 genitor,
1348 2107 1628 2179 Troum
1663 2106 1864 2179 socia
1899 2132 2107 2180 arma
2137 2119 2480 2180 secutum

394 2245 826 2319 Obruerent
857 2245 1119 2319 Rutuli
1153 2245 1356 2320 telis!
1414 2245 1738 2359 animam
1777 2245 1932 2345 ipse
1967 2246 2334 2320 dedissem
2353 2274 2372 2336 ;

393 2386 644 2481 Atque
673 2385 830 2457 haec
858 2408 1129 2483 pompa
1150 2383 1455 2456 domum
1482 2409 1624 2474 me,
1659 2408 1813 2457 non
1839 2384 2200 2476 Pallanta,
2237 2383 2585 2457 referret!
2647 2446 2654 2451 .

394 2523 563 2596 Nec
601 2547 731 2597 vos
766 2522 1163 2621 arguerim,
1200 2518 1494 2611 Teucri,
1545 2545 1688 2594 nec
1724 2519 2022 2612 foedera,
2066 2546 2212 2594 nec
2248 2546 2430 2619 quas

392 2662 441 2735 J
445 2660 799 2736 unximus
834 2660 1155 2759 hospitio
1190 2659 1531 2734 dextras:
1589 2684 1744 2733 sors
1777 2653 1920 2733 ista
1953 2670 2274 2733 senectae

393 2801 677 2875 Debita
712 2810 1193 2873 eratnostrae.
1282 2797 1508 2882 Quod
1546 2795 1605 2869 si
1641 2796 2041 2871 immatura
2077 2796 2432 2871 manebat

396 2940 603 3013 Mors
640 2951 943 3027 natum3
1000 2936 1674 3010 caesis-Volscorum
1711 2935 2036 3009 millibus
2074 2947 2273 3027 ante,

394 3079 828 3153 Ducentem
864 3076 943 3163 in
983 3075 1279 3149 Latium
1308 3076 1635 3149 Teucros
1672 3074 2028 3147 cecidisse
2050 3072 2368 3172 juvabit.
2411 3126 2422 3139 .

397 3218 607 3302 Quin
646 3240 789 3315 ego
821 3239 977 3289 non
1014 3213 1158 3286 alio
1192 3214 1465 3311 digner
1497 3225 1574 3285 te
1608 3211 1897 3303 funere,
1945 3211 2170 3303 Palla,

396 3357 648 3441 Quam
682 3354 847 3453 pius
869 3352 1160 3443 AEneaS,
1196 3362 1275 3424 et
1295 3376 1521 3447 quam
1556 3350 1814 3449 magni
1844 3350 2195 3448 PhrygeS,
2239 3363 2315 3425 et
2342 3376 2564 3451 quam

391 3488 911 3593 Tyrrhenique
947 3491 1197 3581 duces,
1233 3488 1706 3586 Tyrrhenfim
1741 3488 2118 3561 exercitus
2153 3491 2432 3564 omnis:

404 3634 730 3731 [Magna
764 3643 1039 3729 tropaea
1068 3628 1346 3725 ferunt,
1392 3651 1575 3725 quos
1612 3628 1743 3701 dat
1777 3640 1910 3699 tua
1945 3626 2258 3701 dextera
2293 3630 2506 3725 leto.]

396 3772 512 3845 Tu
548 3792 844 3868 quoque
878 3792 1086 3841 nunc
1124 3778 1353 3841 stares
1390 3764 1734 3864 immanis
1771 3776 2083 3838 truncus
2118 3766 2197 3839 in
2235 3768 2476 3859 armiS,

400 3911 613 3985 Esset
648 3934 784 4006 par
816 3919 1010 3996 aetaS,
1056 3918 1137 3979 'et
1171 3905 1368 3978 idem
1403 3904 1465 3975 si
1501 3903 1726 3976 robur
1761 3904 1854 3976 ab
1893 3905 2128 3997 anniS,

398 4052 672 4125 Turne.
702 4112 713 4125 .
782 4046 923 4121 Sed
959 4043 1225 4137 infelix
1258 4040 1585 4116 Teucros
1620 4042 1800 4138 quid
1839 4042 2181 4116 demoror
2217 4043 2481 4119 armis?

399 4188 697 4277 Vadite,
745 4197 823 4259 et
856 4186 1013 4257 haec
1050 4206 1410 4259 memores
1444 4180 1607 4279 regi
1641 4150 1998 4254 mandata
2030 4181 2341 4257 referte:
2403 4244 2410 4251 .
2613 4150 2618 4155 .

402 4324 629 4412 Quod
662 4324 897 4403 vitam
934 4346 1179 4395 moror
1210 4320 1543 4409 invisam,
1591 4318 1928 4402 Pallante
1963 4335 2366 4419 perempto,

555 4475 583 4513 2
2255 4457 2293 4503 Ρ
2315 4508 2328 4531 ο
