3234 5334
395 667 465 740 ν’.
506 665 674 748 763.
1205 670 1595 748 LIBER
1694 671 1788 747 V.
2484 681 2570 747 31

397 863 683 940 Creber
716 875 796 940 et
831 865 1214 968 adspirans
1251 893 1504 944 rursus
1539 882 1766 946 vocat
1800 871 2079 946 Auster
2112 870 2193 946 in
2232 870 2491 947 altum.

398 1001 759 1078 Exoritur
792 1029 1162 1104 procurva
1195 1006 1466 1108 ingens
1501 1033 1637 1108 per
1670 1009 1926 1084 littora
1958 1010 2216 1086 fletus:

400 1140 799 1241 Complexi
832 1144 1034 1219 inter
1067 1169 1144 1219 se
1179 1155 1637 1245 noctemque
1672 1147 2021 1246 diemque
2056 1157 2470 1224 morantur.
2572 1131 2578 1138 ’

395 1276 582 1378 Ipsae
601 1277 764 1379 jam
801 1295 1098 1375 matreS‚
1145 1283 1284 1381 ipsi
1317 1283 1585 1381 quibus
1625 1309 1887 1385 aspera
1922 1284 2307 1383 quondam

395 1415 582 1491 Visa
611 1395 838 1494 maris
871 1418 1126 1512 facies,
1175 1432 1254 1494 et
1287 1444 1444 1496 non
1477 1421 1871 1497 tolerabile
1908 1447 2217 1516 numen,

396 1555 519 1630 Ire
553 1556 843 1651 volunt,
887 1582 1340 1658 omnemque
1373 1558 1574 1660 fugae
1605 1559 1944 1659 perferre
1978 1560 2333 1638 laborem.

399 1693 611 1779 Quos
646 1679 888 1770 bonus
921 1697 1194 1772 AEneas
1231 1697 1454 1772 dictis
1491 1698 1777 1773 solatur
1811 1698 2092 1791 amiciS,

398 1832 502 1908 Et
538 1834 1104 1934 consanguineo
1135 1835 1560 1934 lacrymans
1596 1836 2084 1912 'commendat
2116 1837 2431 1914 Acestae.

392 1971 576 2046 Tres
611 1971 840 2071 Eryci
873 1973 1169 2066 vitulos,
1216 1984 1295 2047 et
1326 1973 1899 2072 tempestatibus
1932 1999 2231 2072 agnam,

398 2108 704 2185 Caedere
739 2110 1015 2186 deinde
1039 2111 1282 2211 jubet,
1327 2111 1663 2210 solvique
1700 2135 1799 2186 ex
1837 2112 2103 2186 ordine
2137 2109 2427 2188 funem.

397 2247 589 2347 Ipse,
635 2262 868 2349 caput
897 2262 1130 2325 tonsae
1164 2249 1362 2324 foliis
1399 2249 1745 2325 evinctus
1781 2248 2016 2343 olivae,

397 2389 615 2463 Stans
649 2390 914 2488 procul
951 2389 1032 2464 in
1066 2413 1305 2488 prora,
1345 2401 1685 2490 pateram
1720 2399 1955 2481 tenet,
1992 2399 2321 2488 extaque
2354 2389 2580 2478 salsos

400 2527 722 2603 Porricit
757 2528 834 2602 in
872 2529 1168 2620 fluctus,
1217 2551 1307 2602 ac
1341 2527 1520 2604 vina
1553 2526 1929 2626 liquentia
1955 2523 2233 2602 fundit.

401 2665 888 2765 Prosequitur
919 2691 1234 2767 surgens
1271 2691 1316 2740 a
1350 2666 1581 2768 puppi
1614 2678 1889 2742 ventus
1924 2677 2229 2743 euntes:
2314 2683 2317 2688 ·

399 2805 772 2914 Certatim
805 2805 991 2880 socii
1022 2797 1313 2880 feriunt
1345 2829 1572 2900 mare,
1622 2817 1701 2880 et
1734 2829 2029 2903 aequora
2062 2814 2397 2912 verrunt.

543 2945 651 3019 At
679 2943 942 3020 Venus
979 2933 1271 3019 interea
1307 2943 1783 3043 Neptunum,
1830 2943 2169 3018 exercita
2204 2942 2423 3034 curis,

401 3083 850 3182 Alloquitur,
896 3082 1232 3182 talesque
1268 3078 1596 3157 effundit
1630 3093 1936 3182 pectore
1970 3093 2313 3180 questus:

397 3221 446 3296 J
452 3222 722 3296 unonis
758 3221 1008 3322 gravis
1041 3221 1172 3312 ira,
1221 3243 1364 3296 nec
1401 3218 1905 3294 exsaturabile
1941 3231 2228 3318 pectus,

403 3360 716 3462 Cogunt
747 3385 894 3454 me,
935 3358 1323 3459 Neptune,
1369 3383 1631 3458 preces
1664 3357 2126 3433 descendere
2161 3358 2241 3434 in
2278 3363 2573 3434 omnes':

404 3498 656 3585 Quam
692 3523 838 3574 nec
874 3499 1104 3599 longa
1139 3497 1320 3590 dies,
1366 3496 1604 3597 pietas
1638 3521 1783 3572 nec
1822 3497 2123 3597 mitigat
2159 3497 2349 3590 ulla3

399 3637 574 3713 Nec
606 3637 655 3712 J
658 3633 816 3715 ovis
851 3637 1162 3737 imperio
1195 3634 1464 3713 fatisve
1499 3633 1829 3710 infracta
1860 3635 2199 3733 quiescit.

407 3775 592 3851 Non
627 3775 878 3854 media
911 3776 1007 3852 de
1041 3745 1275 3878 gente
1308 3775 1697 3875 Phrygum
1734 3773 2071 3849 exedisse
2106 3774 2454 3850 nefandis

399 3913 689 3990 Urbem
724 3914 916 3990 odiis
947 3914 1124 3988 satis
1161 3925 1297 4005 est,
1343 3937 1488 3988 nec
1521 3937 1821 4012 poenam
1858 3922 2075 3986 traxe
2109 3935 2246 4013 per
2278 3937 2577 3988 omnem

403 4052 850 4150 Relliquias3
889 4050 1128 4151 Trojae
1162 4052 1453 4126 cineres
1491 4060 1717 4148 atque
1756 4073 1920 4125 ossa
1952 4063 2351 4150 peremptae

406 4189 840 4288 Insequitur
858 4207 896 4266 ε’
930 4183 1194 4264 'causas
1229 4183 1429 4267 tanti
1463 4188 1654 4263 sciat
1690 4187 1819 4261 illa
1849 4185 2140 4261 furoris,

406 4319 576 4433 Ipse
609 4328 793 4407 mihi
831 4353 1074 4430 nuper
1107 4327 1406 4428 Libycis
1443 4337 1536 4402 tu‘
1553 4326 1777 4404 testis
1813 4326 1893 4403 in
1929 4325 2149 4400 undis
