3234 5334
699 619 794 684 22
1559 611 1654 686 AE
1676 609 1755 684 N
1780 607 1847 684 E
1870 608 1909 686 1
1932 608 1999 686 S.
2584 631 2656 682 v.
2690 614 2855 692 529.

695 805 1069 882 Trinacrii
1101 807 1526 908 Teucrique
1555 806 1736 883 viri:
1792 831 1939 884 nec
1972 805 2347 884 maximus
2380 829 2603 882 omen

694 944 992 1021 Abnuit
1023 947 1334 1038 AEneas;
1391 947 1522 1022 sed
1557 947 1811 1022 laetum
1846 945 2235 1046 amplexus
2267 945 2599 1020 Acesten

695 1083 1144 1160 Muneribus
1180 1086 1519 1161 cumulat
1551 1085 1871 1186 magnis,
1914 1109 2007 1160 ac
2042 1083 2227 1159 talia
2259 1080 2501 1158 fatur:

691 1221 936 1315 Sume,
983 1235 1234 1324 pater3
1291 1247 1470 1298 nam
1505 1237 1586 1299 te
1617 1223 1859 1299 voluit
1892 1249 2029 1300 rex
2064 1247 2387 1322 magnus
2423 1219 2727 1321 Olympi

688 1359 996 1436 Talibus
1033 1359 1380 1462 auspiciis
1417 1373 1793 1438 exsortem
1828 1361 2108 1436 ducere
2144 1361 2485 1434 honores.

689 1497 933 1599 Ipsius
969 1500 1318 1576 Anchisae
1351 1500 1672 1602 longaevi
1706 1501 1852 1574 hoc
1886 1525 2161 1574 munus
2194 1496 2523 1590 habebis,

691 1637 1009 1714 Cratera
1042 1639 1476 1740 impressum
1515 1639 1771 1740 signis,
1816 1663 2041 1738 quem
2074 1636 2441 1712 Thracius
2476 1635 2657 1711 olim

687 1775 1040 1852 Anchisae
1073 1779 1400 1878 genitori
1437 1779 1516 1854 in
1551 1803 1833 1878 magno
1868 1801 2180 1852 munere
2219 1775 2517 1851 Cisseus

687 1914 910 1990 Ferre
945 1915 1060 1990 sui
1095 1915 1409 1992 dederat
1445 1929 2021 1992 monumentum
2058 1927 2137 1990 et
2170 1913 2445 2015 pignus
2480 1912 2775 1988 amoris.

687 2053 809 2128 Sic
843 2053 1066 2147 fatus,
1112 2055 1358 2156 cingit
1391 2055 1747 2132 viridanti
1786 2067 2123 2155 tempora
2156 2055 2388 2145 lauro,

683 2191 784 2267 Et
819 2193 1144 2292 primum
1178 2207 1358 2269 ante
1392 2219 1653 2268 omnes
1690 2193 2055 2270 victorem
2092 2191 2418 2292 appellat
2449 2190 2805 2266 Acesten.

689 2330 863 2405 Ne‘c
901 2329 1144 2406 bonus
1179 2331 1548 2432 Eurytion
1587 2334 1893 2434 praelato
1926 2330 2200 2408 invidit
2232 2328 2536 2421 honori;

683 2468 1050 2554 Quamvis
1083 2472 1280 2546 solus
1317 2496 1533 2547 avem
1569 2473 1759 2546 coelo
1791 2469 2069 2570 dejecit
2102 2468 2199 2544 ab
2234 2470 2409 2544 alto.

681 2605 1076 2683 Proximus
1111 2609 1541 2710 ingreditur
1571 2610 1811 2702 donis,
1860 2608 1990 2708 qui
2025 2609 2332 2684 vincula
2365 2607 2608 2706 rupit:
2700 2675 2709 2684 .

676 2745 1108 2840 Extremus,
1153 2748 1444 2822 volucri
1477 2747 1606 2846 qui
1642 2749 1810 2823 fixit
1844 2747 2215 2822 arundine
2248 2746 2553 2820 malum.

826 2884 934 2957 At
967 2897 1183 2983 pater
1215 2885 1510 2978 AEneas,
1553 2885 1899 2960 nondum
1936 2884 2349 2960 certamine
2385 2883 2629 2978 misso,

681 3021 1094 3098 Custodem
1131 3023 1226 3098 ad
1261 3048 1421 3097 sese
1457 3024 1961 3122 comitemque
1998 3021 2319 3123 impubis
2355 3022 2505 3097 Iuli

673 3158 1055 3258 Epytiden
1091 3174 1353 3254 vocat3
1413 3173 1491 3236 et
1525 3159 1751 3236 fidam
1790 3161 1897 3238 sic
1933 3159 2139 3236 fatur
2172 3160 2269 3234 ad
2304 3181 2599 3236 aurem:

675 3297 893 3372 Vade
929 3322 1092 3398 age,
1142 3312 1220 3374 et
1254 3299 1602 3392 Ascanio,
1648 3300 1710 3373 si
1734 3299 1895 3400 jam
1930 3299 2217 3400 puerile
2248 3311 2594 3398 paratum
2664 3379 2681 3397 ‘-

668 3435 973 3536 Agmen
1009 3436 1240 3512 habet
1271 3461 1550 3530 secum,
1597 3463 2005 3537 cursusque
2041 3435 2404 3514 instruxit
2436 3461 2827 3536 equorum,

667 3575 930 3649 Ducat
965 3600 1106 3649 avo
1139 3589 1444 3669 turmas,
1490 3589 1570 3652 et
1601 3601 1763 3652 sese
1798 3577 2149 3653 ostendat
2183 3576 2261 3650 in
2298 3576 2543 3668 armis,

673 3712 843 3804 Dic,
891 3712 1018 3787 ait.
1133 3714 1304 3815 Ipse
1337 3739 1639 3790 omnem
1676 3716 1907 3816 longo
1942 3714 2313 3790 decedere
2352 3714 2555 3790 circo

665 3849 1021 3926 Infusum
1052 3853 1433 3952 populum,
1481 3866 1560 3928 et
1595 3877 1897 3954 campos
1918 3851 2141 3952 jubet
2174 3877 2333 3927 esse
2368 3864 2751 3954 patentes,

668 3988 1056 4064 Incedunt
1088 3991 1324 4090 pueri,
1369 3992 1797 4092 pariterque
1832 4003 2013 4068 ante
2048 4016 2181 4066 ora
2211 4002 2617 4090 parentum

663 4126 724 4202 F
725 4129 1006 4204 renatis
1041 4127 1305 4206 lucent
1339 4129 1418 4206 in
1455 4131 1702 4230 equis:
1759 4155 1943 4229 quos
1978 4130 2219 4204 omnis
2257 4141 2523 4204 euntes

659 4263 1067 4342 Trinacriae
1100 4267 1372 4342 mirata
1404 4261 2075 4370 fremit'Trojaeque
2098 4267 2486 4368 juventus·

2164 4501 2169 4507 ·
2302 4471 2383 4546 J
