3234 5334
681 668 774 737 84
1537 660 1971 737 AENEIS.
2404 660 2413 669 ’
2560 688 2633 739 v.
2674 672 2837 740 282.

675 859 1067 959 Supposita
1100 857 1197 933 de
1231 870 1472 934 matre
1507 862 1777 934 nothos
1811 859 2062 935 furata
2098 860 2399 935 creavit.

672 996 976 1070 Talibus
1011 997 1362 1071 AEneadae
1397 997 1612 1073 donis
1650 1000 2019 1098 dictisque
2058 998 2309 1073 Latini

673 1134 1036 1209 Sublimes
1071 1134 1152 1209 in
1189 1137 1396 1234 equis
1431 1138 1777 1230 redeunt,
1821 1162 2231 1238 pacemque
2268 1147 2675 1235 reportant.

819 1272 1021 1348 Ecce
1057 1288 1311 1349 autem
1348 1275 1677 1351 Inachiis
1713 1300 1871 1351 sese
1908 1274 2282 1351 referebat
2317 1274 2411 1348 ab
2445 1276 2671 1374 Argis

671 1406 876 1487 Saex'ra
905 1412 954 1487 J
958 1413 1114 1487 ovis
1153 1412 1458 1512 conjux,
1507 1440 1871 1512 aurasque
1908 1414 2213 1488 invecta
2244 1413 2595 1505 tenebat3

672 1550 774 1625 Et
804 1552 1054 1625 laetum
1087 1553 1378 1627 AEnean
1417 1554 1876 1650 classemque
1912 1578 2010 1627 ex
2046 1534 2320 1626 aethere
2353 1552 2587 1651 longo

673 1689 1141 1765 Dardaniam
1177 1690 1426 1764 Siculo
1459 1691 1845 1790 prospexit
1880 1690 1973 1763 ab
2010 1714 2242 1788 usque
2278 1688 2655 1787 Pachyno,

674 1830 932 1905 Moliri
956 1829 1118 1928 jam
1153 1842 1361 1905 tecta
1393 1830 1623 1922 videt,
1673 1828 1835 1929 jam
1872 1830 2099 1903 fidere
2134 1840 2373 1919 teme,

672 1969 1108 2043 Deseruisse
1143 1983 1378 2043 rates:
1436 1968 1648 2043 stetit
1682 1968 1835 2041 acri
1872 1970 2025 2041 fixa
2058 1968 2333 2040 dolore.

669 2106 888 2197 Tum,
935 2131 1289 2204 quassans
1329 2119 1575 2205 caput,
1626 2107 1781 2180 haec
1820 2104 2143 2179 effundit
2175 2115 2481 2205 pectore
2514 2102 2755 2177 dicta:

677 2245 853 2319 Heu
887 2244 1193 2345 stirpem
1231 2246 1584 2319 invisam!
1643 2256 1721 2319 et
1755 2244 1929 2319 fatis
1968 2243 2344 2318 contraria
2376 2242 2647 2317 nostris

673 2382 861 2456 Fata
895 2382 1317 2483 Phrygum!
1375 2410 1558 2457 num
1595 2384 1829 2484 Sigeis
1865 2383 2311 2457 occumbere
2350 2382 2650 2480 campiS‚

671 2521 886 2595 Num
922 2522 1124 2620 capti
1162 2534 1470 2620 potuere
1505 2522 1719 2621 capi?
1769 2546 1955 2595 num
1991 2521 2302 2595 incensa
2336 2518 2698 2594 cremavit

669 2658 896 2758 Troja
927 2657 1168 2733 viros?
1221 2659 1502 2733 medias
1539 2660 1737 2733 acies
1772 2659 2205 2757 mediosque
2241 2684 2374 2759 per
2408 2660 2623 2757 ignes

673 2796 1047 2870 Invenere
1081 2798 1300 2871 viam.
1396 2799 1522 2889 At,
1573 2792 1825 2891 credoj
1865 2823 2035 2872 mea
2068 2798 2385 2871 numina
2417 2795 2721 2871 tandem

673 2933 894 3007 Fessa
914 2932 1200 3033 jacent,
1247 2935 1434 3010 odiis
1470 2947 1602 3010 aut
1638 2946 2069 3020 exsaturata
2102 2936 2373 3035 quievi.

673 3073 884 3159 Quin
923 3075 1150 3149 etiam
1186 3074 1429 3173 patria
1464 3099 1815 3149 excussos
1852 3072 2127 3150 infesta
2159 3100 2294 3175 per
2326 3072 2564 3148 undas

669 3210 877 3284 Ausa
909 3212 1140 3310 sequi,
1185 3224 1264 3287 et
1297 3212 1633 3312 profugis
1668 3222 1831 3286 toto
1864 3236 1987 3287 me
2023 3238 2397 3313 opponere
2434 3222 2685 3310 ponto,

667 3348 1103 3449 Absumptae
1137 3350 1215 3422 in
1244 3351 1574 3425 Teucros
1608 3350 1803 3426 vires
1840 3352 2151 3451 coelique
2188 3350 2576 3449 marisque.

673 3486 880 3572 Quid
918 3490 1186 3586 Syrte5‚
1237 3500 1368 3563 aut
1402 3490 1649 3587 Scylla
1680 3490 1887 3582 mihi,
1933 3489 2113 3589 quid
2149 3500 2361 3564 vasta
2392 3488 2805 3587 Charybdis

671 3623 1008 3699 Profuit?
1061 3636 1318 3724 optato
1355 3628 1790 3703 conduntur
1821 3627 2221 3726 Thybridis
2258 3629 2489 3719 alve'0‚

637 3763 924 3863 'Securi
962 3764 1230 3864 pelagi,
1275 3778 1503 3864 atque
1539 3766 1709 3840 mei.
1824 3766 2031 3841 Mars
2065 3765 2378 3866 perdere
2412 3774 2720 3865 gentem
2782 3784 2795 3797 ·

670 3900 1091 3975 Immanem
1130 3900 1527 4002 Lapithum
1563 3904 1837 3979 valuit:
1898 3906 2269 3980 concessit
2303 3905 2383 3981 in
2419 3906 2561 3979 iras

670 4037 842 4135 Ipse
878 4039 1099 4113 deum
1139 4041 1522 4139 antiquam
1559 4042 1864 4143 genitor
1892 4042 2287 4143 Calydona
2320 4044 2605 4121 Dianae.

650 4172 897 4285 ,Quod
933 4179 1172 4251 scelus
1211 4181 1352 4253 aut'
1372 4179 1725 4279 Lapithas
1761 4152 2081 4274 tantum,
2119 4196 2250 4259 aut
2276 4182 2666 4281 Calydona
2702 4206 2844 4256 me-

817 4316 1156 4389 rentem?
2360 4320 2366 4325 ’
2476 4334 2483 4340 ’
