3234 5334
670 674 805 741 188
1521 654 1957 737 AENEIS.
2545 690 2614 737 v.
2650 672 2824 741 540.

656 864 1029 957 Immolat,
1078 862 1522 962 ingentique
1558 862 1826 937 umbra
1858 861 2091 961 tegit:
2147 886 2352 935 arma
2388 861 2716 937 Serestus

656 1003 892 1077 Lecta
924 1001 1155 1077 refert
1188 1002 1537 1093 humeriS,
1583 1001 1746 1093 tibi,
1795 1027 1930 1075 rex
1967 1001 2322 1093 Gradive,
2371 1011 2751 1100 tropaeum.

655 1142 1098 1216 Instaurant
1130 1140 1349 1233 acieS,
1389 1140 1718 1235 Vulcani
1753 1141 1982 1239 stirpe
2020 1153 2314 1214 creatus

657 1280 1017 1372 CaeculuS‚
1066 1292 1143 1355 et
1178 1278 1487 1353 veniens
1528 1280 1952 1353 Marsorum
1997 1272 2376 1352 montibus
2406 1279 2712 1353 Umbro.

653 1419 1129 1494 Dardanides
1166 1432 1433 1493 contra
1466 1418 1670 1492 furit.
1765 1418 2098 1491 Anxuris
2136 1442 2312 1491 ense
2348 1418 2744 1510 sinistram,

650 1558 753 1633 Et
788 1572 1033 1634 totum
1069 1559 1312 1658 clypei
1352 1556 1551 1633 ferro
1586 1556 1964 1655 dejecerat
1997 1556 2276 1631 orbem.

653 1698 979 1773 Dixerat
1012 1698 1136 1771 ille
1174 1696 1452 1795 aliquid
1487 1721 1872 1797 magnum,
1917 1694 2216 1793 vimque
2255 1695 2484 1769 affore
2520 1695 2748 1769 verbo

655 1835 1120 1927 Crediderat,
1170 1837 1502 1933 coeloque
1540 1835 1872 1909 animum
1907 1835 2220 1909 fortasse
2253 1834 2565 1927 ferebat,

654 1973 1179 2071 Canitiemque
1224 1974 1363 2048 sibi
1400 1986 1476 2047 et
1509 1975 1773 2073 longos
1807 1973 2244 2073 promiserat
2277 1998 2534 2047 annos

648 2114 1049 2212 Tarquitus
1088 2115 1472 2222 exsultans
1508 2126 1773 2188 contra
1803 2112 2271 2214 fulgentibus
2309 2114 2552 2205 armiS,

650 2253 1035 2353 Sylvicolae
1072 2254 1331 2327 Fauno
1360 2254 1666 2352 Dryope
1699 2278 1922 2350 quem
1961 2254 2322 2351 Nympha
2357 2263 2674 2345 crearat,

652 2389 937 2467 Obvius
974 2392 1269 2465 ardenti
1308 2416 1464 2465 sese
1500 2391 1810 2465 obtulit:
1868 2391 1992 2465 ille
2025 2392 2341 2466 reducta
2461 2415 2464 2419 ⁴

652 2532 995 2606 Loricam
1031 2532 1419 2630 clypeique
1456 2530 1726 2631 ingens
1761 2556 1947 2605 onus
1985 2512 2296 2630 impedit
2331 2533 2564 2605 hasta.

652 2673 846 2746 Tum
886 2681 1113 2769 caput
1146 2670 1429 2743 orantis
1462 2670 1990 2768 nequidquam,
2041 2683 2117 2743 et
2150 2673 2388 2745 multa
2422 2657 2754 2769 parantis

649 2810 948 2900 Dicere,
997 2808 1346 2883 deturbat
1382 2818 1632 2898 terrae;
1692 2796 2194 2907 truncumque
2236 2802 2623 2909 tepentem

649 2946 1119 3039 Pr‘ovolvenS,
1169 2971 1389 3045 super
1414 2946 1579 3019 'haec
1616 2945 1922 3019 inimico
1957 2959 2259 3046 pectore
2293 2946 2534 3021 fatur:

650 3086 832 3159 Istic
869 3112 1097 3177 nune,
1144 3085 1569 3178 metuende,
1623 3084 1833 3182 jace:
1893 3110 2044 3159 non
2084 3099 2160 3159 te
2195 3086 2476 3185 optima
2509 3097 2750 3159 mater

650 3225 948 3300 Condet
983 3224 1211 3317 humi,
1258 3224 1592 3324 patriove
1630 3223 1972 3297 onerabit
2005 3223 2338 3297 membra
2379 3224 2754 3321 sepulcro:

646 3363 973 3437 Alitibus
1009 3340 1349 3461 linquere
1382 3362 1559 3436 feris
1578 3392 1598 3453 ;
1659 3375 1790 3436 aut
1823 3363 2125 3461 gurgite
2166 3388 2489 3461 mersum

644 3503 875 3577 Unda
907 3501 1122 3593 feret,
1166 3501 1552 3599 piscesque
1589 3502 1885 3599 impasti
1919 3502 2232 3575 vulnera
2265 3501 2626 3577 lambent.

645 3641 1012 3717 Protenus
1048 3641 1398 3714 Antaeum
1438 3653 1514 3715 et
1551 3640 1854 3733 Lucam,
1901 3641 2140 3738 prima
2175 3640 2480 3740 agmina
2505 3640 2763 3731 Turni,

643 3780 1140 3877 Persequitur,
1186 3779 1605 3878 fortemque
1637 3780 1992 3872 Numam,
2036 3778 2474 3877 fulvumque
2505 3780 2808 3854 Camer-

788 3932 966 4009 tem,
1616 4018 1624 4023 -

643 4056 1141 4156 Magnanimo
1164 4057 1571 4131 Volscente
1605 4069 1870 4148 satum,
1915 4056 2320 4130 ditissimus
2351 4056 2515 4155 agri

643 4195 798 4281 Qui
834 4195 983 4269 fuit
1016 4194 1507 4288 Ausonidum,
1556 4210 1634 4269 et
1669 4195 1916 4269 tacitis
1950 4196 2298 4295 regnavit
2330 4181 2684 4293 Amyclis,

639 4334 945 4433 AEgaeon
982 4334 1238 4433 qualis,
1290 4352 1596 4409 centum
1633 4335 1755 4409 cui
1791 4336 2098 4409 brachia
2133 4334 2400 4409 dicunt
