3234 5334
393 676 460 727 v.
499 662 666 727 203.
1153 620 1570 731 'LIBER
1668 658 1765 731 x,
2132 698 2137 705 -
2424 666 2557 740 175

394 847 602 923 Hinc
636 875 928 948 quoque
962 853 1414 953 quingentos
1448 855 1526 927 in
1563 880 1643 929 se
1678 853 2100 929 Mezentius
2136 864 2398 948 armat,

392 987 605 1072 Quos
639 1001 850 1086 patre
887 989 1205 1081 Benaco,
1253 992 1542 1066 velatus
1579 991 1947 1066 arundine
1980 992 2273 1090 glauca,

391 1122 726 1203 Mincius
762 1125 1038 1201 infesta
1071 1127 1400 1203 ducebat
1434 1127 1511 1205 in
1547 1154 1841 1227 aequora
1874 1128 2081 1227 pinu.

390 1262 466 1335 It
500 1264 748 1362 gravis
781 1266 1146 1359 AulesteS,
1193 1279 1665 1365 centenaque
1708 1268 1969 1341 arbore
2004 1268 2277 1343 fluctus

387 1398 755 1477 Verberat
794 1428 1223 1503 assurgens3
1277 1417 1629 1503 spumant
1662 1405 1857 1499 ¹vada
1890 1429 2257 1479 marmore
2290 1430 2523 1485 verso·

387 1537 620 1613 Hunc
654 1542 862 1616 vehit
904 1542 1246 1619 immanis
1277 1542 1566 1635 Triton,
1614 1554 1695 1618 et
1728 1545 1998 1617 caerula
2032 1512 2327 1617 concha

385 1674 794 1753 Exterrens
827 1679 1057 1755 freta:
1117 1681 1239 1754 cui
1276 1682 1592 1755 laterum
1628 1693 1848 1756 tenus
1883 1680 2174 1779 hispida
2206 1682 2425 1755 nanti

385 1814 616 1891 Frons
651 1818 1032 1893 hominem
1067 1818 1381 1917 praefert,
1429 1819 1506 1893 in
1540 1820 1809 1919 pristin
1845 1819 2119 1895 desinit
2154 1819 2384 1911 alvus,

382 1954 704 2052 Spumea
733 1955 1080 2031 semifero
1115 1956 1249 2031 sub
1285 1970 1589 2056 pectore
1622 1970 2041 2032 murmurat
2075 1958 2300 2033 unda.

379 2093 529 2166 Tot
560 2094 742 2167 lecti
775 2118 1118 2193 proceres
1152 2107 1270 2171 ter
1303 2096 1516 2169 denis
1551 2095 1865 2171 navibus
1901 2095 2115 2171 ibant
2191 2169 2198 2175 .

380 2230 720 2305 Subsidio
745 2233 812 2304 Τ
813 2231 1002 2331 rojae,
1049 2244 1128 2309 et
1161 2258 1460 2334 campos
1495 2235 1666 2328 salis
1700 2260 1843 2309 aere
1878 2233 2257 2309 secabant.

525 2370 846 2467 Jamque
881 2370 1040 2445 dies
1075 2373 1261 2445 coelo
1295 2384 1787 2463 concesserat,
1834 2372 2175 2470 almaque
2210 2396 2433 2447 curru

378 2506 814 2607 Noctivago
850 2507 1124 2585 Phoebe
1157 2509 1490 2603 medium
1524 2510 1870 2609 pulsabat
1902 2511 2304 2607 olympum.

375 2644 670 2739 AEneas,
715 2626 964 2744 neque
999 2647 1200 2721 enim
1235 2645 1582 2721 membris
1619 2647 1751 2721 dat
1786 2672 1968 2721 cura
2002 2645 2350 2744 quietem,

376 2781 547 2881 Ipse
583 2784 846 2859 sedens
884 2787 1328 2883 clavumque
1361 2784 1558 2884 regit
1591 2786 1921 2883 velisque
1956 2783 2353 2860 ministrat.

373 2922 626 3020 Atque
662 2922 788 3014 illi,
834 2923 1082 3001 medio
1120 2921 1198 2996 in
1235 2923 1491 3021 spati0,
1539 2923 1810 2996 chorus
1846 2946 2023 2997 ecce
2058 2946 2361 2996 suarum

375 3058 730 3134 Occurrit
765 3042 1145 3151 comitum,
1193 3060 1584 3159 Nymphae,
1631 3084 1811 3157 quas
1847 3060 2043 3133 alma
2074 3058 2381 3158 Cybebe

375 3196 687 3273 Numen
727 3197 1002 3289 habere
1038 3197 1280 3289 maris,
1330 3198 1873 3297 Nymphasque
1908 3222 1951 3271 e
1986 3195 2299 3309 navibus
2336 3222 2513 3289 esse,

369 3335 422 3411 J
428 3340 749 3412 usserat:
805 3336 1175 3411 innabant
1207 3336 1505 3435 pariter,
1553 3337 1972 3433 fluctusque
2007 3335 2386 3429 secabant,

376 3475 588 3560 Quot
621 3474 833 3573 prius
857 3486 1098 3549 aeratae
1129 3484 1494 3585 steterant
1530 3474 1627 3547 ad
1663 3474 1917 3550 littora
1948 3498 2199 3572 prorae.

372 3613 826 3712 Agnoscunt
861 3613 1086 3712 longe
1123 3636 1400 3711 regem,
1445 3613 1915 3711 lustrantque
1953 3611 2261 3685 choreis.

375 3750 718 3835 Quarum
755 3776 916 3848 quae
947 3750 1158 3825 fandi
1192 3749 1620 3823 doctissima
1658 3749 2155 3847 Cymodocea,

373 3888 580 3963 Pone
615 3914 950 3987 sequens,
996 3889 1268 3963 dextra
1300 3888 1606 3988 puppim
1640 3900 1874 3979 tenet,
1922 3887 2225 3986 ipsaque
2259 3887 2476 3962 dorso

370 4026 697 4119 Eminet,
745 4052 834 4101 ac
867 4029 1050 4102 laeva
1081 4027 1330 4104 tacitis
1366 4025 1824 4127 subremigat
1860 4027 2101 4101 undis·

368 4165 564 4239 Tum
600 4166 708 4239 sic
743 4166 1090 4265 ignarum
1123 4165 1560 4262 alloquitur:
1596 4136 2005 4265 Vigilasne,
2053 4165 2276 4239 deum
2311 4190 2518 4266 gens»,

367 4302 654 4378 AEnea?
705 4303 954 4403 vigila,
1001 4315 1078 4378 et
1111 4304 1291 4377 velis
1328 4303 1649 4378 immitte
1683 4302 2058 4377 rudentes.
2136 4318 2142 4325 ·
