3234 5334
1239 978 1678 1061 LIBER
1785 980 1886 1061 X.

474 1255 931 1335 PAnmwn
982 1260 1269 1335 interea
1304 1263 1568 1337 domus
1602 1263 2136 1361 omnipotentis
2173 1264 2496 1362 Olympi,

474 1394 1051 1496 conciliumque
1082 1412 1303 1474 vocat
1330 1374 1583 1474 divum
1612 1413 1829 1499 pater
1855 1412 2080 1498 atque
2107 1401 2496 1475 hominum
2526 1424 2660 1473 rex

471 1532 847 1608 Sideream
886 1537 965 1609 in
1000 1537 1290 1627 sedem3
1351 1550 1585 1612 terras
1622 1539 1826 1613 unde
1863 1539 2135 1612 arduus
2171 1564 2428 1612 omnes

472 1670 885 1770 Castraque
910 1674 1429 1749 Dardanidfim
1460 1676 1849 1775 adspectat
1872 1677 2326 1776 populosque
2351 1674 2676 1751 Latinos.

470 1808 897 1885 Considunt
930 1814 1151 1886 tectis
1183 1812 1711 1913 bipatentibus,
1827 1814 2108 1911 Incipit
2142 1814 2335 1911 ipse:

529 1981 538 1990 ’
602 1947 985 2035 ,ΟοεΙίοοΙεε
1020 1950 1300 2049 magni,
1348 1952 1520 2049 quia
1554 1977 1734 2025 nam
1769 1951 2148 2026 sententia
2181 1951 2388 2023 vobis

463 2083 701 2157 Versa
735 2097 956 2179 retr0‚
1002 2100 1449 2185 tantumque
1484 2090 1752 2163 animis
1789 2090 2088 2163 certatis
2126 2088 2441 2187 iniquis?

461 2220 900 2297 Abnueram
936 2223 1131 2298 bello
1167 2225 1469 2301 Italiam
1506 2250 1954 2319 concurrere
1986 2225 2333 2299 Teucris:

460 2358 650 2443 Quae
685 2374 955 2435 eontra
986 2362 1305 2435 vetitum
1342 2362 1759 2436 discordia?
1813 2362 1974 2459 quis
2009 2375 2252 2435 metus
2291 2374 2422 2435 aut
2455 2363 2587 2435 hos

455 2496 613 2571 Aut
650 2498 783 2571 hos
820 2522 1027 2572 arma
1062 2499 1271 2597 sequi
1303 2499 1734 2597 ferrumque
1771 2494 2130 2572 lacessere
2165 2499 2440 2573 suasit?

452 2633 836 2709 Adveniet
857 2634 1148 2733 justum
1183 2662 1482 2737 pugnae,
1529 2662 1628 2709 ne
1663 2635 2034 2726 arcessite,
2081 2645 2393 2733 tempus,
2445 2684 2452 2689 ·

455 2772 717 2857 Quum
749 2772 913 2873 fera
944 2775 1329 2874 Carthago
1364 2774 1720 2848 Romanis
1757 2771 2050 2848 arcibus
2086 2771 2262 2845 olim
2349 2866 2358 2875 ·

451 2908 794 2985 Exitium
830 2935 1193 3011 magnum
1232 2924 1457 3010 atque
1490 2912 1720 3009 Alpes
1757 2910 2117 2985 immittet
2151 2920 2462 3006 apertas.

445 3045 641 3120 Tum
681 3060 971 3123 certare
1007 3050 1214 3141 odiis,
1260 3061 1424 3123 tum
1463 3073 1577 3123 res
1614 3048 1942 3146 rapuisse
1977 3046 2271 3119 licebit:

452 3183 689 3258 Nunc
726 3185 989 3277 sinite3
1050 3199 1127 3259 et
1162 3187 1523 3285 placitum
1558 3186 1706 3259 laeti
1745 3183 2168 3283 componite
2202 3181 2462 3255 foedus,

593 3321 642 3395 J
648 3322 947 3421 uppiter
980 3324 1137 3396 haec
1174 3324 1429 3421 paucis
1446 3352 1467 3413 3
1510 3336 1589 3397 at
1620 3348 1778 3398 non
1803 3323 2062 3396 Venus
2101 3344 2328 3395 aurea
2357 3328 2624 3394 contra

445 3457 701 3533 Pauca
733 3458 1001 3533 refert:
2437 3558 2446 3573 Ι

442 3595 514 3668 Ο
547 3607 783 3693 pater,
831 3621 876 3669 o
913 3597 1303 3671 hominum
1340 3596 1742 3695 divumque
1777 3609 2056 3671 aeterna
2089 3607 2436 3695 potestas»,

438 3732 795 3830 Namque
833 3734 1036 3808 aliud
1066 3734 1245 3832 quid
1274 3734 1373 3807 sit
1401 3734 1598 3830 quod
1616 3732 1778 3831 jam
1809 3701 2203 3832 implorare
2230 3731 2633 3831 queamus?

439 3848 709 3945 Cernis
745 3883 832 3945 ut
866 3872 1235 3946 insultent
1272 3872 1554 3964 Rutuli,
1594 3873 2042 3969 Turnusque
2082 3872 2373 3947 feratur

434 4008 582 4081 Per
615 4009 899 4082 medios
937 4010 1248 4109 insignis
1288 4009 1521 4107 equis5
1563 4002 2044 4106 tumidusque
2086 4009 2420 4083 secundo

436 4146 692 4219 Marte
729 4159 937 4221 ruat:
979 4173 1133 4219 non
1164 4148 1420 4220 clausa
1452 4158 1728 4245 tegunt
1743 4145 1904 4243 jam
1941 4147 2214 4221 moenia
2240 4148 2605 4239 Teucros;

434 4281 646 4365 Quin
686 4282 889 4355 intra
922 4296 1171 4381 portas
1210 4296 1433 4381 atque
1470 4282 1642 4381 ipsis
1678 4283 1932 4382 proelia
1969 4283 2290 4359 miscent
