3234 5334
657 607 752 679 78
1515 595 1949 670 AENEIS.
2528 595 2799 668 1³:126.

645 792 895 868 Prima
927 795 1176 868 locare
1207 819 1436 867 manu
1467 792 1859 892 molirique
1896 817 2171 892 aggere
2206 802 2430 865 tecta.

645 931 832 1005 Haec
865 943 1026 1005 erat
1058 933 1184 1006 illa
1217 931 1450 1006 fames
1467 959 1487 1022 ;
1546 933 1705 1006 haec
1738 955 1875 1004 nos
1908 953 2251 1028 suprema
2282 928 2659 1019 manebat,

643 1067 917 1144 Exitiis
951 1069 1283 1169 positura
1315 1070 1644 1144 modum.

645 1206 903 1293 Quare
939 1209 1162 1307 agite,
1211 1221 1290 1284 et
1321 1209 1560 1308 primo
1593 1209 1741 1282 laeti
1776 1233 1950 1282 cum
1984 1207 2267 1282 lumine
2302 1205 2476 1279 solis

642 1345 833 1432 Quae
865 1347 1052 1439 loca,
1085 1347 1306 1444 quive
1333 1347 1665 1420 habeant
1691 1347 2049 1438 homineS,
2082 1345 2211 1419 ubi
2236 1344 2511 1418 moenia
2536 1342 2801 1442 gentiS,

640 1483 1142 1583 VestigemuS‚
1191 1497 1270 1559 et
1303 1509 1346 1557 a
1379 1497 1600 1583 portu
1636 1484 1930 1558 diversa
1962 1495 2322 1582 petamus,

640 1621 878 1698 Nunc
913 1634 1204 1722 pateras
1238 1623 1465 1697 libate
1497 1623 1545 1698 J
1551 1623 1694 1715 ovi,
1742 1621 2233 1722 precibusque
2269 1631 2537 1694 vocate

641 1761 1027 1836 Anchisen
1064 1763 1503 1861 genitorem,
1550 1771 1627 1836 et
1663 1761 1836 1834 vina
1870 1759 2208 1858 reponite
2244 1756 2538 1832 mensis,

637 1899 757 1972 Sic
793 1898 1067 1972 deinde
1103 1899 1390 1990 effatus,
1435 1897 1821 1972 frondenti
1858 1910 2195 1996 tempora
2230 1920 2436 1970 ramo

639 2034 1008 2134 Implicat,
1059 2047 1136 2110 et
1165 2037 1646 2134 Geniumque
1681 2035 1849 2128 loci,
1895 2035 2355 2134 primamque
2390 2032 2696 2106 deorum

636 2169 1034 2264 Tellurem,
1083 2173 1643 2272 Nymphasque,
1692 2183 1769 2246 et
1803 2172 2049 2246 adhuc
2088 2173 2349 2270 ignota
2382 2181 2726 2269 precatur

638 2307 1018 2383 Flumina:
1075 2323 1237 2384 tum
1276 2310 1628 2402 Noctem,
1678 2309 2095 2407 Noctisque
2130 2309 2451 2383 orientia
2484 2295 2717 2406 signa,

634 2445 1064 2543 Idaeumque
1095 2446 1143 2521 J
1149 2472 1384 2538 ovem,
1434 2446 1985 2546 Phrygiamque
2022 2471 2118 2520 ex
2156 2447 2417 2520 ordine
2452 2456 2779 2532 matrem,

635 2583 973 2674 Invocat,
1021 2595 1100 2658 et
1135 2585 1466 2684 duplices
1507 2584 1860 2682 Coeloque
1899 2583 2290 2680 Ereboque
2326 2593 2685 2680 parentes

634 2720 782 2794 Hic
816 2733 1029 2819 pater
1061 2721 1532 2818 omnipotens
1567 2735 1687 2796 ter
1722 2724 1907 2797 coelo
1944 2720 2185 2795 clarus
2223 2721 2317 2794 ab
2353 2722 2505 2793 alto

634 2857 1000 2949 Intonuit,
1047 2859 1416 2955 radiisque
1461 2859 1849 2933 ardentem
1886 2860 2073 2934 lucis
2108 2871 2185 2933 et
2228 2883 2408 2933 auro

635 2997 806 3095 Ipse
842 3022 1072 3071 manu
1107 2997 1448 3095 quatiens
1483 2998 1814 3072 ostendit
1852 2998 1943 3071 ab
1980 2999 2253 3072 aethere
2292 2997 2589 3071 nubem.

557 3201 564 3208 .
631 3133 942 3208 Diditur
976 3136 1100 3208 hic
1137 3134 1386 3208 subito
1413 3134 1739 3233 Trojana
1772 3107 1906 3233 per
1939 3136 2243 3236 agmina
2274 3159 2545 3226 rumor,

629 3270 1038 3344 Advenisse
1075 3271 1272 3350 diem
1311 3297 1458 3369 quo
1492 3272 1750 3346 debita
1780 3273 2055 3346 moenia
2090 3272 2442 3346 condant.
2564 3327 2577 3340 .

631 3408 994 3484 Certatim
1033 3408 1457 3483 instaurant
1492 3411 1766 3507 epulas,
1816 3422 2037 3507 atque
2074 3410 2323 3484 omine
2358 3433 2632 3508 magno

621 3545 973 3650 ‘Crateras
1009 3546 1156 3619 laeti
1193 3558 1557 3639 statuunt,
1609 3560 1687 3622 et
1720 3549 1897 3621 vina
1934 3560 2321 3621 coronant.

779 3683 1086 3756 Postera
1121 3709 1352 3779 quum
1387 3685 1627 3782 prima
1661 3685 2023 3758 lustrabat
2058 3685 2399 3782 lampade
2434 3695 2664 3758 terras

628 3820 820 3900 Orta
854 3821 1032 3912 dies,
1080 3819 1362 3912 urbem,
1413 3832 1488 3894 et
1523 3823 1727 3912 fineS,
1776 3833 1853 3895 et
1886 3822 2139 3896 littora
2172 3821 2440 3920 gentis»,

630 3956 927 4032 Diversi
965 3958 1400 4055 explorant:
1453 3959 1608 4030 haec
1644 3956 1875 4030 fontis
1910 3971 2179 4056 stagna
2212 3959 2549 4050 Numici,

627 4095 856 4170 Hunc
884 4094 1244 4192 Thybrim
1279 4096 1608 4185 fluvium,
1655 4096 1778 4168 hic
1811 4094 2041 4169 fortes
2078 4095 2415 4170 habitare
2449 4095 2768 4170 Latinos,

621 4234 819 4308 Tum
853 4243 1054 4306 satus
1091 4232 1422 4306 Anchisa
1457 4233 1785 4308 delectos
1820 4232 2083 4306 ordine
2120 4233 2213 4306 ab
2252 4233 2455 4306 omni
2486 4307 2491 4312 ,
