3234 5334
693 633 790 718 70
1542 633 1634 710 Ε
1656 631 1735 707 N
1760 631 1824 707 E
1848 631 1885 706 Ι
1910 632 1976 706 S.
2240 623 2279 650 ’“
2564 653 2635 700 v.
2680 627 2841 700 846.

693 832 1098 908 Excudent
1133 831 1258 905 alii
1293 829 1655 929 spirantia
1686 828 1979 904 mollius
2012 851 2176 918 aera,

695 970 942 1046 Credo
975 969 1357 1068 equidem3
1414 969 1622 1043 vivos
1656 968 1940 1041 ducent
1974 963 2071 1039 de
2104 987 2469 1039 marmore
2503 962 2791 1054 vultusg

691 1108 1040 1182 Orabunt
1075 1131 1332 1182 causas
1364 1105 1667 1194 melius;
1722 1104 2034 1202 coelique
2066 1109 2357 1177 me'atus

691 1246 1144 1321 Describent
1177 1243 1406 1336 radio,
1453 1255 1534 1317 et
1565 1243 1953 1342 surgentia
1985 1241 2231 1315 sidera
2262 1240 2542 1314 dicent.

687 1385 804 1460 Tu
839 1407 1099 1482 regere
1133 1381 1444 1481 imperio
1477 1382 1805 1482 populos,
1851 1381 2209 1471 Romane,
2254 1389 2676 1470 memento;

687 1522 826 1596 Hae
859 1521 998 1596 tibi
1033 1535 1258 1595 erunt
1293 1530 1510 1612 artes,
1556 1520 1906 1619 pacisque
1942 1518 2323 1617 imponere
2358 1542 2663 1609 morem,

687 1659 1001 1736 Parcere
1035 1657 1409 1758 subjectis,
1457 1668 1535 1732 et
1566 1655 1939 1731 debellare
1977 1655 2348 1754 superbos.

833 1797 953 1870 Sic
987 1807 1202 1895 pater
1225 1795 1629 1885 Anchises;
1670 1805 1895 1892 atque
1921 1795 2079 1868 haec
2113 1793 2555 1867 mirantibus
2590 1791 2833 1866 addit:

685 1933 1010 2032 Adspice
1044 1946 1131 2007 ut
1169 1933 1482 2032 insignis
1517 1931 1765 2030 spoliis
1802 1931 2206 2008 Marcellus
2242 1929 2502 2029 opimis

685 2068 1141 2168 Ingreditur,
1189 2070 1573 2168 victorque
1607 2069 1805 2144 viros
1838 2067 2339 2168 supereminet
2372 2092 2649 2142 omnes·

685 2205 834 2284 Hic
871 2230 1030 2279 rem
1065 2205 1500 2297 Romanam,
1547 2231 1829 2305 magno
1860 2205 2213 2280 turbante
2247 2206 2600 2297 tumultu,

683 2342 906 2422 Sistet
921 2371 942 2433 ;
1001 2367 1226 2440 eques
1257 2355 1544 2417 sternet
1578 2343 1862 2435 PoenoS,
1902 2343 2355 2442 Gallumque
2389 2343 2736 2418 rebellem
2752 2371 2774 2434 3

679 2479 1079 2577 Tertiaque
1116 2503 1322 2553 arma
1355 2481 1548 2578 patri
1582 2480 1984 2579 suspendet
2020 2494 2241 2579 capta
2269 2481 2609 2568 Quirino.

679 2619 931 2716 Atque
965 2619 1086 2690 hic
1119 2619 1389 2691 AEneas
1429 2619 1620 2713 (una
1654 2643 1979 2716 namque
2014 2617 2122 2690 irc
2156 2617 2459 2692 videbat
2582 2639 2592 2646 ·

679 2755 1090 2855 Egregium
1124 2753 1367 2827 forma
1384 2753 1746 2851 juvenem
1783 2765 1861 2828 et
1892 2753 2357 2854 fulgentibus
2392 2755 2634 2848 armis,

680 2891 822 2966 Sed
857 2891 1064 2966 frons
1099 2890 1268 2965 laeta
1299 2915 1561 2990 parum
1597 2903 1675 2965 et
1709 2890 2007 2991 dejecto
2039 2892 2325 2966 lumina
2358 2894 2651 2991 vultu)z

682 3029 894 3123 Quis,
941 3041 1174 3129 pater,
1211 2999 1343 3103 'ille
1378 3029 1622 3103 virum
1658 3030 1785 3126 qui
1822 3029 1927 3104 sic
1964 3031 2367 3104 comitatur
2397 3031 2743 3105 euntem?

680 3167 949 3242 Filius?
1003 3193 1200 3242 anne
1237 3167 1497 3266 aliquis
1532 3192 1813 3266 magna
1834 3168 1940 3274 ‘de
1975 3151 2201 3268 stirpe
2237 3169 2639 3267 nepotum?

683 3305 837 3390 Qui
873 3305 1222 3403 strepitus
1251 3307 1456 3384 circa
1483 3305 1879 3400 comitum!
1920 3320 2284 3410 quantum
2318 3306 2559 3385 instar
2589 3307 2665 3380 111
2694 3307 2840 3411 ipso

825 3443 975 3516 est!

677 3579 818 3655 Sed
856 3603 1010 3662 nox
1045 3590 1208 3652 atra
1242 3591 1470 3678 caput
1502 3579 1696 3654 tristi
1734 3581 2221 3655 circumvolat
2254 3581 2535 3656 umbra.

674 3717 869 3794 Tum
903 3728 1118 3816 pater
1148 3718 1512 3792 Anchises
1548 3718 1895 3817 lacrymis
1931 3719 2301 3818 ingressus
2337 3720 2651 3799 obortis:

677 3855 746 3929 Ο
781 3866 978 3946 nate,
1025 3855 1414 3954 ingentem
1450 3857 1739 3939 luctum
1773 3881 1871 3929 ne
1904 3882 2146 3953 quaere
2180 3869 2479 3932 tuorum
2496 3885 2519 3948 3

675 3992 1103 4066 Ostendent
1137 3994 1349 4067 terris
1384 3994 1590 4070 hunc
1624 4005 1923 4066 tantum
1959 3993 2137 4086 fata,
2166 4018 2429 4092 ,neque
2464 3995 2665 4068 ultra

676 4129 852 4204 Esse
889 4131 1157 4205 sinent.
1255 4131 1593 4206 Nimium
1633 4131 1839 4206 vobis
1874 4131 2213 4207 Romana
2245 4157 2575 4233 propago

673 4267 851 4352 Visa
886 4280 1170 4378 potens,
1217 4269 1493 4378 Superi,
1535 4270 1831 4379 propria
1864 4271 2021 4356 haec
2054 4273 2116 4354 si
2154 4270 2717 4356 dona-fuissent.
