3234 5334
664 652 764 727 90
1523 642 1616 715 AE
1645 641 1721 715 N
1746 642 1809 715 E
1836 642 1873 715 1
1897 643 1961 715 S.
2550 669 2620 717 V.
2658 643 2822 717 436.

667 840 870 932 Non,
917 851 1004 913 ut
1039 864 1224 931 rere,
1271 864 1474 913 meas
1511 840 1781 939 effugit
1816 840 2127 914 nuntius
2165 865 2415 928 aures;

665 977 792 1051 Ne
829 978 1080 1051 tan'tos
1115 978 1299 1051 mibi
1335 980 1537 1077 finge
1574 990 1855 1053 metus:
1910 960 2057 1053 nec
2091 978 2301 1076 regia
2330 977 2379 1050 J
2386 982 2540 1049 uno
2599 1063 2608 1072 ,

663 1115 1070 1188 Immemor
1105 1128 1219 1188 est
1253 1116 1511 1189 nostri.

664 1252 806 1326 Sed
841 1265 920 1326 te
953 1254 1158 1331 victa
1191 1254 1340 1327 situ
1373 1255 1677 1351 verique
1713 1256 1941 1328 effeta
1976 1266 2346 1346 senectuS,

665 1391 736 1464 Ο
769 1403 1028 1483 mater,
1077 1392 1274 1465 curis
1307 1390 1816 1491 nequidquam
1854 1405 2181 1485 exercet,
2232 1405 2309 1465 et
2344 1418 2551 1467 arma

665 1528 960 1627 Regum
996 1529 1196 1603 inter
1227 1528 1416 1603 falsa
1449 1542 1699 1603 vatem
1735 1529 2136 1603 formidine
2172 1522 2385 1603 ludit'.

669 1666 873 1741 Cura
908 1667 1068 1759 tibi,
1115 1668 1370 1741 divum
1409 1667 1693 1766 effigies
1732 1681 1811 1741 et
1844 1668 2124 1766 templa
2158 1667 2393 1741 tueri:

665 1804 872 1880 Bella
905 1806 1044 1880 viri
1081 1830 1490 1905 pacemque
1525 1817 1819 1905 gerent,
1865 1805 2073 1904 queis
2109 1804 2306 1878 bella
2338 1805 2708 1903 gerenda⁰<

808 1944 1112 2017 Talibus
1149 1945 1446 2018 Allecto
1480 1944 1703 2018 dictis
1740 1945 2018 2017 exarsit
2052 1945 2131 2017 in
2168 1944 2334 2017 iras.

666 2082 772 2155 At
793 2080 1056 2178 juveni
1089 2082 1334 2157 oranti
1369 2082 1659 2155 subitus
1697 2095 1975 2156 tremor
2008 2093 2331 2180 occupat
2364 2068 2609 2173 artus}

667 2219 1087 2318 Deriguere
1123 2220 1359 2293 oculi:
1416 2231 1534 2294 tot
1569 2218 1895 2318 Erinnys
1932 2221 2179 2294 sibilat
2212 2221 2525 2319 hydris,-

661 2358 1055 2455 Tantaque
1092 2382 1170 2431 se
1203 2356 1433 2431 facies
1471 2358 1730 2456 aperit.
1821 2360 2015 2431 Tum
2052 2360 2397 2433 flammea
2432 2370 2789 2455 torquens

590 2522 594 2531 ·
666 2496 1008 2588 Lumina,
1056 2510 1568 2588 cunctantem,
1615 2508 1693 2570 et
1727 2510 2179 2595 quaerentem
2216 2496 2468 2571 dicere
2506 2499 2739 2596 plura,

669 2634 993 2733 Repulit,
1042 2648 1119 2710 et
1154 2636 1492 2734 geminos
1530 2636 1773 2709 erexit
1808 2635 2137 2708 crinibus
2174 2660 2479 2733 angueS,

668 2773 1146 2869 Verberaque
1175 2773 1538 2864 insonuit,
1585 2772 1993 2869 rabidoque
2031 2774 2188 2846 haec
2226 2773 2516 2847 addidit
2548 2797 2720 2847 ore:

669 2910 786 2983 En
825 2935 966 3010 ego
1000 2909 1202 2984 victa
1235 2912 1406 3001 situ,
1453 2936 1677 3007 quam
1712 2910 1868 2984 veri
1906 2911 2131 2985 effeta
2164 2922 2512 2985 senectus

666 3051 898 3123 Arma
933 3008 1430 3149 inter-regum
1465 3047 1655 3122 falsa
1687 3048 2087 3122 formidine
2122 3049 2335 3125 ludit.

669 3188 982 3286 Respice
1019 3189 1343 3263 ad'haec:
1403 3188 1663 3261 adsum
1701 3186 2029 3260 dirarum
2066 3187 2159 3260 ab
2195 3187 2371 3261 sede
2406 3208 2778 3263 sororum:

672 3326 878 3399 Bella
911 3352 1141 3399 manu
1177 3329 1558 3424 letumque
1594 3352 1796 3425 gere.

671 3465 790 3537 Sic
825 3464 1052 3537 effata
1073 3462 1329 3537 facem
1345 3470 1352 3477 ’
1354 3463 1622 3562 juveni
1652 3463 2007 3562 conjecit,
2058 3476 2135 3539 et
2172 3477 2335 3537 atro

546 3624 564 3636 ’
677 3602 994 3676 Lumine
1028 3600 1406 3676 fumantes
1439 3596 1607 3677 stitit
1642 3604 1777 3677 sub
1815 3612 2117 3702 pectore
2155 3603 2402 3677 taedas,

819 3740 970 3813 ossi
993 3744 1338 3813 somnum
1363 3741 1631 3839 ingens
1656 3742 1933 3839 rumpit
1956 3716 2221 3840 pavor:
2250 3767 2561 3840 ossaque
2586 3753 2663 3816 et
2686 3754 2876 3817 artus

670 3878 1066 3952 Perfundit
1103 3891 1265 3952 toto
1301 3892 1697 3977 proruptus
1736 3905 2043 3977 corpore
2080 3881 2323 3954 sudor.

669 4018 900 4088 Arma
936 4040 1192 4089 amens
1225 4016 1516 4107 fremit3
1576 4042 1781 4090 arma
1814 4030 1979 4090 toro
2014 4018 2383 4117 tectisque
2419 4022 2749 4119 requirit.

673 4154 888 4227 Saevit
924 4179 1132 4227 amor
1163 4153 1363 4245 ferri,
1411 4166 1487 4227 et
1521 4156 1884 4229 scelerata
1918 4155 2209 4255 insania
2242 4158 2439 4250 belli,

675 4290 796 4361 Ira
831 4316 1068 4389 super.
1161 4294 1472 4391 *Magno
1508 4293 1745 4367 veluti
1782 4319 2010 4391 quum
2048 4289 2345 4369 flamma
2378 4322 2643 4389 sonore
