3234 5334
440 664 506 713 v.
546 648 659 723 39.
1228 640 1615 717 LIBER
1711 641 1804 715 V.
2555 646 2609 713 3

440 837 805 913 Gratatur
835 838 1187 929 reduces3
1248 851 1323 913 et
1360 864 1543 939 gaza
1577 840 1788 913 laetus
1823 838 2100 939 agresti

300 1013 315 1023 ·
438 972 763 1073 Excipit,
812 1000 902 1049 ac
936 974 1164 1049 fessos
1200 974 1460 1075 opibus
1496 977 1778 1050 solatur
1812 975 2088 1049 amicis.

580 1113 890 1187 Postera
922 1138 1155 1211 quum
1187 1113 1427 1215 primo
1460 1114 1711 1187 stellas
1745 1112 2035 1186 oriente
2069 1110 2372 1211 fugarat

438 1248 662 1323 Clara
698 1250 879 1341 dies,
928 1250 1163 1325 socios
1198 1250 1277 1323 in
1317 1263 1589 1324 coetum
1625 1251 1876 1324 littore
1913 1249 2006 1323 ab
2043 1247 2248 1324 omni

436 1387 782 1461 Advocat
816 1388 1109 1478 AEneas,
1152 1386 1569 1485 tumulique
1616 1412 1714 1461 ex
1751 1411 2026 1485 aggere
2060 1382 2302 1461 fatur:

436 1524 893 1599 Dardanidae
926 1524 1206 1623 magni,
1253 1550 1491 1623 genus
1530 1524 1682 1596 alto
1717 1549 1762 1597 a
1796 1523 2470 1633 sanguine-divum,

434 1664 756 1736 Annuus
795 1660 1080 1737 exactis
1120 1663 1541 1763 completur
1571 1662 1951 1735 mensibus
1989 1662 2205 1753 orbis,
2357 1644 2363 1651 ¹

437 1799 551 1873 Ex
587 1824 739 1897 quo
775 1798 1147 1897 relliquias
1184 1798 1569 1896 divinique
1602 1821 1770 1871 ossa
1801 1797 2130 1895 parentis

439 1936 931 2011 Condidimus
966 1950 1186 2029 terra,
1233 1950 1667 2034 maestasque
1703 1937 2156 2011 sacravimus
2194 1962 2376 2011 aras,

432 2075 753 2173 Jamque
781 2073 960 2167 dies,
998 2074 1081 2147 ni
1106 2072 1344 2165 fallor,
1382 2075 1613 2167 adest,
1649 2100 1870 2173 quem
1900 2101 2190 2175 semper
2217 2075 2590 2166 acerbum,

434 2213 739 2311 Semper
771 2214 1222 2287 honoratum
1263 2212 1406 2310 (sic
1440 2212 1519 2287 di
1554 2184 1926 2311 voluistis)
1966 2213 2278 2289 habebo.

436 2350 669 2426 Hunc
705 2375 849 2451 ego
886 2352 1201 2427 Gaetulis
1238 2377 1541 2452 agerem
1575 2350 1638 2427 si
1671 2352 1996 2451 syrtibus
2034 2353 2266 2444 exsul,

433 2488 887 2589 Argolicove
920 2490 1107 2563 mari
1143 2490 1570 2590 deprensuS,
1619 2502 1698 2565 et
1734 2490 1918 2564 urbe
1955 2490 2338 2589 Mycenae3

432 2625 717 2699 Annua
747 2637 925 2699 vota
957 2639 1216 2701 tamen
1252 2628 1765 2725 solemnesque
1800 2627 2062 2701 or'dine
2104 2650 2408 2727 pompas

432 2762 925 2861 Exsequerer‚
970 2777 1481 2863 strueremque
1516 2765 1664 2839 suis
1703 2764 1968 2842 altaria
1999 2766 2235 2839 donis,

434 2898 672 2974 Nunc
708 2901 907 2973 ultro
944 2900 1038 2975 ad
1075 2902 1363 2976 cineres
1399 2901 1625 3000 ipsius
1653 2884 1739 2977 ‘et
1773 2929 1936 2977 ossa
1970 2902 2320 3001 parentiS,

438 3036 668 3110 Haud
698 3037 1043 3134 equidem
1068 3038 1231 3112 sine
1258 3051 1535 3131 mente,
1571 3064 1760 3133 reor,
1793 3040 1954 3115 sine
1983 3041 2294 3114 numine
2318 3038 2595 3131 divum,

432 3173 833 3265 Adsumus',
882 3187 959 3249 et
993 3187 1251 3273 portus
1286 3176 1517 3250 delati
1552 3178 1918 3251 intramus
1955 3177 2256 3254 amicos„

433 3312 639 3411 Ergo
676 3314 899 3412 agite,
948 3325 1024 3386 et
1060 3313 1309 3387 laetum
1348 3314 1607 3387 cuncti
1646 3303 2105 3387 celebremus
2141 3302 2540 3391 honorem:

432 3449 837 3525 Poscamus
870 3428 1155 3542 ventos,
1206 3464 1429 3548 atque
1463 3452 1624 3527 haec
1659 3476 1780 3525 me
1816 3477 2028 3525 sacra
2061 3453 2462 3549 quotannis

433 3587 643 3662 Urbe
676 3588 862 3663 velit
893 3587 1135 3687 posita
1166 3588 1462 3685 templis
1505 3588 1646 3661 sibi
1679 3556 1874 3662 ferre
1910 3588 2198 3666 dicatis,
2259 3598 2268 3605 ’

434 3724 627 3799 Bina
661 3725 890 3800 boum
924 3724 1134 3799 vobis
1168 3724 1393 3822 Troja
1432 3738 1834 3823 generatus
1870 3727 2178 3800 Acestes

434 3862 595 3936 Dat
627 3887 944 3939 numero
965 3862 1229 3960 »capita
1262 3862 1341 3935 in
1377 3886 1644 3959 naves:
1704 3862 2058 3969 adhibete
2088 3862 2405 3938 Penates

435 4000 535 4074 Et
568 4001 847 4100 patrios
882 4000 1137 4097 epulis,
1186 4012 1262 4075 et
1294 4024 1478 4097 quos
1516 4000 1697 4073 colit
1729 4001 1994 4098 hospes
2027 4002 2356 4081 Acestes.

439 4137 825 4229 Praeterea‚
870 4136 933 4210 si
968 4161 1171 4210 nona
1205 4136 1403 4209 diem
1440 4136 1876 4211 mortalibus
1911 4138 2188 4215 almum

441 4275 731 4349 Aurora
766 4273 1141 4366 extulerit,
1189 4273 1559 4373 radiisque
1592 4266 2266 4368 retexerit'orbein,
