3234 5334
425 663 493 710 v.
530 635 698 715 607.
1224 629 1615 705 LIBER
1714 630 1807 728 V,
2502 639 2595 708 25

429 834 683 908 Multa
715 855 1043 924 movenS,
1083 828 1413 904 necdum
1445 829 1842 928 antiquum
1876 839 2212 906 saturata
2236 829 2589 905 dolorem.

428 974 590 1065 Illa,
637 971 837 1046 viam
872 971 1208 1045 celerans
1241 995 1377 1069 per
1407 968 1612 1044 mille
1649 967 2021 1044 coloribus
2058 993 2341 1063 arcum,

428 1109 645 1184 Nulli
682 1110 861 1202 visa,
911 1108 1064 1182 cito
1098 1107 1435 1184 decurrit
1467 1107 1773 1182 tramite
1806 1107 2042 1208 virgo.
2206 1109 2213 1114 ’

432 1247 824 1347 Conspicit
857 1246 1250 1347 ingentem
1287 1270 1759 1338 concursum,
1809 1258 1887 1320 et
1920 1245 2176 1321 littora
2208 1248 2501 1342 lustrat,
2552 1233 2559 1240 ⁷

427 1387 946 1485 Desertosque·
964 1385 1172 1461 videt
1205 1399 1462 1485 portus
1499 1385 1957 1485 classemque
1991 1386 2356 1462 relictam.

573 1526 680 1601 At
713 1527 973 1625 procul
1009 1525 1088 1599 in
1123 1527 1281 1599 sola
1315 1539 1620 1600 secretae
1644 1525 1975 1600 Troades
2014 1537 2191 1601 acta

426 1664 802 1740 Amissum
839 1665 1225 1740 Anchisen
1261 1663 1565 1757 flebant,
1615 1677 2057 1764 cunctaeque
2090 1665 2550 1765 profundum

429 1800 756 1877 Pontum
793 1801 1334 1902 adspectabant
1369 1804 1673 1876 flentes:
1733 1802 1945 1878 Heu!
2000 1813 2119 1878 tot
2150 1804 2345 1879 vada
2378 1801 2589 1880 fessis

428 1942 528 2016 Et
560 1952 860 2016 tantum
897 1965 1278 2040 superesse
1313 1941 1576 2015 maris!
1633 1966 1785 2016 vox
1821 1943 2165 2018 omnibus
2200 1969 2376 2020 una.

427 2080 715 2156 Urbem
749 2093 1008 2172 orant,
1067 2081 1293 2154 taedet
1326 2079 1576 2180 pelagi
1613 2077 1947 2179 perferre
1978 2081 2333 2158 laborem.

427 2218 632 2319 Ergo
666 2220 866 2296 inter
899 2219 1182 2294 medias
1215 2243 1396 2311 sese,
1443 2218 1647 2294 haud
1684 2219 1950 2318 ignara
1984 2221 2337 2314 nocendi,

431 2357 781 2458 Conjicit,
831 2371 914 2432 et-
941 2355 1364 2457 faciemque
1397 2357 1558 2432 deae
1591 2371 2027 2457 vestemque
2060 2361 2377 2459 reponit.

427 2497 549 2575 Fit
583 2498 839 2591 Beroe,
884 2497 1168 2572 Tmarii
1205 2497 1487 2597 conjux
1523 2498 1864 2597 longaeva
1898 2498 2236 2598 Dorycli,

432 2637 578 2713 Cui
614 2663 877 2738 genuS‚
928 2650 1006 2712 et
1040 2636 1418 2736 quondam
1453 2661 1755 2730 nomen,
1786 2637 2112 2736 ‘natique
2146 2634 2503 2732 fuissent3
2614 2635 2617 2640 ’

424 2777 542 2854 Ac
576 2777 684 2851 sic
721 2776 1245 2851 Dardanidum
1280 2775 1607 2852 mediam
1642 2801 1721 2851 se
1755 2774 2117 2853 matribus
2154 2775 2424 2852 infert:

429 2916 499 2991 O
532 2915 836 3008 miserae,
885 2941 1066 3014 quas
1100 2941 1256 2990 non
1291 2941 1579 3008 manus,
1630 2915 1896 3014 inquit,
1944 2916 2282 2991 Achaica
2314 2915 2512 2991 bello
2608 2929 2615 2936 ‘

426 3055 779 3136 Traxerit
814 3055 911 3129 ad
945 3055 1203 3148 letum,
1249 3055 1506 3154 patriae
1539 3053 1679 3128 sub
1712 3054 2117 3128 moenibus!
2172 3079 2219 3128 o
2253 3080 2442 3155 gens
2601 3055 2605 3062 ’

430 3193 736 3286 Infelix,
785 3195 909 3270 cui
945 3208 1020 3269 te
1059 3194 1295 3268 exitio
1327 3192 1639 3273 fortuna
1669 3195 2037 3268 reservat!

430 3331 761 3430 Septima
793 3345 962 3432 post
996 3330 1234 3430 Trojae
1271 3325 1653 3406 excidium
1676 3330 1839 3431 jam
1874 3333 2197 3407 vertitur
2230 3345 2462 3426 aestaS,

431 3471 692 3556 Quum
724 3467 942 3563 freta,
979 3496 1212 3568 quum
1245 3482 1480 3550 terras
1511 3495 1793 3564 omneS,
1834 3483 1950 3544 tot
1979 3469 2357 3570 inhospita
2388 3495 2591 3564 saxa,

429 3610 854 3707 Sideraque,
896 3633 1212 3684 emensae
1239 3607 1589 3700 ferimur3
1632 3609 1813 3684 dum
1842 3633 1975 3708 per
2000 3635 2205 3684 mare
2238 3635 2603 3711 magnum

430 3747 732 3834 Italiam
766 3748 1146 3846 sequimur
1175 3747 1623 3847 fugientem,
1671 3758 1749 3822 et
1785 3748 2157 3823 volvimur
2190 3749 2433 3824 undis.

430 3887 580 3970 Hic
614 3887 878 3985 Erycis
905 3887 1096 3961 fines
1129 3885 1469 3979 fraterni,
1516 3899 1742 3986 atque
1776 3881 2039 3985 hospes
2075 3887 2426 3964 Acestes:

431 4026 640 4112 Quid
677 4025 1022 4124 prohibet
1057 4049 1306 4100 muros
1326 4023 1606 4125 jacere,
1648 4038 1728 4100 et
1753 4021 1935 4100 dare
1970 4026 2257 4102 civibus
2294 4027 2598 4135 urbem?

431 4165 502 4238 Ο
536 4165 782 4264 patria
800 4167 846 4238 2·
873 4175 952 4239 et
984 4163 1179 4266 rapti
1213 4164 1724 4265 nequidquam
1760 4190 1857 4240 ex
1892 4167 2105 4242 hoste
2140 4164 2501 4242 Penates!

431 4303 770 4380 Nullane
785 4301 954 4402 jam
983 4303 1221 4403 Trojae
1251 4304 1606 4381 dicentur
1640 4304 1957 4381 moenia?
2007 4327 2375 4404 nusquam
