3234 5334
429 653 497 700 v.
537 635 703 700 255.
1206 627 1329 703 LI
1357 627 1593 704 BER
1632 636 1639 644 '
1694 625 1827 702 VI.
2495 632 2595 708 47

429 825 579 900 Sub
613 797 924 924 pedibus
961 825 1254 925 mugire
1289 827 1548 918 solum,
1597 838 1673 899 et
1695 824 1887 924 juga
1920 835 2163 923 coepta
2196 823 2497 900 moveri.

431 964 836 1062 Sylvarum,
883 964 1200 1062 visaeque
1235 989 1460 1038 canes
1497 965 1783 1038 ululare
1816 987 1951 1061 per
1982 961 2344 1053 umbram,

428 1101 914 1176 Adventante
948 1101 1134 1175 dea..
1221 1102 1490 1175 Procul
1525 1124 1590 1193 0,
1636 1102 1898 1199 procul
1932 1105 2109 1191 este,
2154 1097 2495 1199 profani,.

434 1240 878 1315 Conclamat
910 1252 1140 1332 vates,
1186 1252 1500 1338 totoque
1529 1239 1862 1313 absistite
1899 1239 2091 1312 luco.

427 1379 691 1476 Tuque
726 1379 998 1452 invade
1028 1379 1248 1469 viam,
1295 1377 1717 1476 vaginaque
1752 1377 1953 1476 eripe
1990 1375 2312 1450 ferrum:

428 1517 664 1590 Nunc
700 1517 966 1591 animis
1000 1541 1200 1615 opus,
1246 1517 1504 1606 AEnea,
1551 1541 1759 1590 nunc
1795 1525 2097 1614 pectore
2130 1516 2361 1590 firme.

427 1654 770 1728 Tantum·
789 1655 1038 1746 effata,
1081 1653 1338 1729 furens
1374 1664 1594 1728 antro
1628 1651 2049 1750 seimmisit
2092 1664 2386 1750 aperto:

429 1792 580 1888 Ille,
601 1794 874 1868 ducem
907 1792 1110 1866 haud
1144 1791 1423 1866 timidis
1456 1791 1860 1866 vadentem
1892 1789 2224 1889 passibus
2258 1797 2549 1888 aequat..
2580 1815 2589 1837 ⁸

575 1930 679 2007 Di
725 1930 992 2029 quibus
1048 1929 1438 2029 imperium
1495 1942 1609 2004 est
1668 1929 2107 2020 animarum,
2167 1929 2591 2027 umbraeque

717 2068 1042 2161 silenteS,

427 2205 525 2280 Et
561 2205 828 2298 Chaos,
874 2218 952 2280 et
986 2178 1498 2307 Phlegethon,
1521 2206 1693 2281 loca
1724 2216 1951 2280 nocte
1985 2205 2325 2282 tacentia
2356 2206 2558 2295 late„

427 2343 538 2416 Sit
569 2344 756 2418 mihi
785 2343 898 2418 fas
933 2343 1192 2421 audita
1221 2344 1446 2442 loqui,
1493 2345 1590 2420 sit
1625 2344 1935 2419 numine
1972 2356 2251 2424 ,vestro-

428 2481 768 2556 Pandere
803 2484 1112 2557 resalta
1141 2495 1344 2558 terra
1377 2495 1454 2557 et
1489 2483 1813 2583 caligine
1849 2507 2144 2557 mersas.

427 2619 655 2694 Ibant
689 2619 985 2695 obscuri
1019 2621 1178 2694 sola
1209 2620 1346 2695 sub
1380 2632 1606 2695 nocte
1642 2647 1775 2720 per
1810 2622 2174 2711 umbram,

427 2758 716 2856 Perque
749 2758 1006 2833 domos
1041 2759 1240 2834 Ditis
1272 2784 1547 2834 vacuas
1585 2771 1663 2833 et
1699 2759 1956 2834 inania
1988 2783 2264 2859 regna:

428 2895 674 2980 Quale
710 2922 844 2995 per
876 2896 1244 2972 incertam
1279 2898 1536 2972 lunam
1574 2898 1712 2971 sub
1746 2899 1915 2972 luce
1951 2896 2283 2997 mali'gna

425 3033 563 3108 Est
595 3035 740 3109 iter
778 3035 1140 3133 in-sylviS,
1189 3036 1318 3110 ubi
1353 3036 1622 3110 coelum
1658 3035 2000 3110 condidit
2033 3034 2301 3108 umbra

423 3171 473 3246 J
479 3173 791 3272 uppiter,
841 3185 919 3247 et
951 3173 1172 3249 rebus
1208 3197 1364 3250 nox
1401 3173 1711 3248 abstulit
1745 3185 1921 3248 atra.
1944 3174 2289 3248 colorem.

425 3311 902 3386 Vestibulum
937 3324 1115 3387 ante
1153 3313 1420 3414 ipsum,
1455 3312 1854 3412 primisque
1892 3313 1969 3385 in
2004 3310 2350 3386 faucibus
2380 3310 2614 3403 Orci}

426 3449 710 3524 Luctus
745 3461 822 3525 et
857 3451 1162 3526 ultrices
1193 3475 1507 3549 posuere
1543 3450 1821 3540 cubilia
1858 3450 2076 3525 Curae
2094 3479 2114 3540 ;

423 3587 946 3688 Pallentesque
983 3588 1330 3664 habitant
1367 3588 1639 3681 Morbi,
1690 3588 2064 3687 tristisque
2102 3590 2482 3680 SenectuS,

423 3725 524 3800 Et
559 3727 836 3819 Metus,
857 3793 866 3801 ,
885 3740 962 3802 et
995 3727 1425 3802 malesuada
1456 3728 1737 3820 Fames,
1784 3752 1874 3802 ac
1908 3727 2143 3828 turpis
2179 3728 2513 3827 Egestas,

421 3863 820 3939 Terribiles
853 3865 1018 3939 visu
1051 3864 1342 3955 formae3
1404 3865 1843 3963 Letumque,
1891 3864 2317 3964 Labosque3

423 4002 616 4075 Tum
655 4004 1256 4102 consanguineus
1295 4003 1464 4078 Leti
1499 4004 1748 4103 Sopor,
1798 4016 1874 4076 et
1910 4005 2106 4077 mala
2130 4003 2412 4090 mentis
2442 4071 2446 4075 .

426 4139 746 4233 Gaudia,
793 4140 1407 4239 mortiferumque
1444 4141 1754 4216 adverso
1789 4142 1869 4215 in
1906 4141 2163 4216 limine
2202 4144 2555 4235 Bellum„

428 4277 830 4376 Ferreique'
844 4279 1349 4354 Eumenidum
1379 4281 1710 4372 thalami,
1749 4293 1825 4356 et
1854 4281 2250 4356 Discordia
2276 4281 2611 4374 demens,
