3234 5334
664 645 809 712 21⁸
1520 635 1956 712 AENEIS.
2543 662 2612 710 v.
2651 577 2806 712 383.

659 835 919 934 Argue
954 847 1059 925 tu,
1106 835 1436 926 Drance,
1480 836 1784 933 quando
1817 847 1934 908 tot
1971 835 2238 934 stragis
2283 859 2586 910 acervos

658 974 1119 1046 Teucrorum
1155 989 1289 1046 tua
1320 973 1593 1048 dextra
1625 973 1856 1066 dedit,
1901 975 2320 1072 passimque
2355 973 2642 1072 tropaeis

662 1111 993 1210 Insignis
1030 1130 1286 1210 agros:
1381 1111 1622 1185 Possit
1655 1112 1834 1208 quid
1871 1112 2122 1186 vivida
2156 1112 2390 1185 virtus

658 1249 1069 1346 Experiare
1102 1250 1317 1324 licet:
1374 1275 1518 1324 nec
1556 1251 1782 1348 longe
1818 1251 2106 1326 scilicet
2139 1252 2385 1323 hostes

662 1388 1069 1472 Quaerendi
1104 1389 1358 1478 nobi-⁰03
1418 1390 1912 1468 circumstant
1949 1387 2278 1485 undique
2313 1413 2584 1460 muros,

662 1527 869 1600 Imus
904 1528 981 1599 in
1018 1527 1407 1604 adversos?
1474 1527 1684 1612 Quid
1720 1527 2004 1600 cessas?
2057 1552 2155 1600 an
2193 1525 2332 1600 tibi
2365 1526 2672 1601 Mavors

660 1665 997 1742 Ventosa
1030 1667 1109 1738 in
1144 1667 1407 1764 lingua
1440 1665 1900 1762 pedibusque
1933 1664 2332 1774 fugacibus
2367 1663 2523 1742 istis
2599 1687 2606 1691 ·

662 1796 966 1901 Sem'per
998 1803 1185 1876 erit?

661 1939 922 2014 Pulsus
952 1943 1132 2038 ego!
1172 1941 1331 2018 Aut
1358 1940 1748 2038 quisquam
1775 1941 2064 2033 merit0,
2103 1939 2521 2031 foedissime,
2561 1940 2846 2037 pulsum
2945 2005 2952 2010 .

661 2078 977 2176 Arguet,
1026 2078 1261 2154 Iliaco
1296 2079 1672 2152 tumidum
1707 2079 1836 2176 qui
1871 2103 2206 2158 crescere
2232 2077 2595 2175 Thybrim

662 2214 1067 2312 Sanguine,
1114 2228 1193 2288 et
1227 2215 1559 2290 Evandri
1590 2229 1830 2290 totam
1868 2241 2042 2288 cum
2075 2216 2302 2314 stirpe
2337 2215 2624 2289 videbit

662 2352 1153 2452 Procubuilsse
1190 2331 1517 2442 domum,
1566 2367 1792 2451 atque
1827 2367 2096 2427 exutos
2131 2353 2462 2426 Arcadas
2497 2351 2762 2425 armis?

662 2491 891 2568 Haud
928 2493 1035 2565 ita
1068 2517 1189 2565 me
1224 2493 1517 2590 experti
1556 2492 1786 2566 Bitias
1821 2505 1898 2566 et
1933 2491 2316 2565 Pandarus
2353 2492 2646 2590 ingenS,

661 2628 762 2702 Et
795 2654 979 2727 quos
1023 2630 1224 2703 mille
1260 2630 1383 2704 die
1418 2631 1662 2703 victor
1697 2630 1833 2704 sub
1861 2631 2176 2704 Tartara
2211 2630 2396 2721 misi,

659 2767 1003 2841 Inclusus
1036 2768 1287 2859 muriS,
1332 2767 1730 2863 hostilique
1765 2791 2044 2866 aggere
2079 2780 2364 2865 saeptuS.

663 2904 899 2978 Nulla
933 2905 1129 2984 salus
1164 2904 1399 2982 bello!
1472 2904 1726 3003 Capiti
1763 2929 1950 2978 cane
1984 2905 2166 2984 talia
2201 2906 2508 2979 demens

665 3042 1075 3134 Dardanio,
1122 3043 1491 3139 rebusque
1537 3042 1705 3116 tuis.
1819 3042 2140 3120 Proinde
2177 3043 2430 3115 omnia
2463 3067 2742 3142 magno

665 3180 792 3254 Ne
829 3205 1036 3252 cessa
1066 3180 1373 3254 turbare
1405 3192 1638 3270 metu,
1687 3190 1910 3277 atque
1955 3181 2316 3252 extollere
2351 3181 2544 3254 vires

668 3318 941 3392 Gentis
977 3317 1089 3391 bis
1128 3317 1362 3408 victae,
1413 3319 1675 3391 contra
1709 3342 2047 3414 premere
2084 3342 2290 3390 arma
2327 3317 2599 3396 Latini.
2797 3411 2802 3420 ‚

666 3457 902 3531 Nunc
952 3472 1030 3534 et
1066 3456 1638 3554 Myrmidonum
1687 3481 2030 3555 proceres
2067 3456 2396 3556 Phrygia
2442 3482 2651 3536 arma
2693 3469 2835 3536 tre·

813 3596 1162 3686 miscunt,

668 3733 905 3806 Nunc
944 3746 1020 3806 et
1055 3733 1403 3830 Tydides,
1454 3746 1533 3806 et
1569 3733 1960 3810 Larissaeus
1993 3734 2360 3812 Achilles:

667 3871 933 3944 Amnis
970 3884 1047 3944 et
1086 3870 1499 3948 Hadriacas
1538 3883 1740 3956 retro
1775 3870 1977 3970 fugit
2008 3872 2321 3946 Aufidus
2357 3872 2616 3948 undas·

669 4010 813 4084 Vel
850 4035 1081 4107 quum
1116 4034 1194 4082 se
1228 4009 1580 4108 pavidum
1620 3988 1890 4082 contra
1922 4036 2090 4088 mea
2111 4009 2368 4110 jurgia
2399 4009 2622 4110 fingit

667 4148 998 4221 Artificis
1034 4148 1293 4238 sceluS,
1341 4159 1420 4220 et
1452 4130 1854 4221 formidine
1893 4148 2178 4222 crimen
2215 4149 2538 4222 acerbat.

668 4285 1107 4382 Numquam
1144 4285 1470 4360 animam
1501 4285 1728 4359 talem
1759 4286 2029 4360 dextra
2057 4288 2222 4378 hac,
2265 4287 2534 4362 absiste
2565 4288 2860 4380 moveri,
