3234 5334
669 649 718 716 4
1529 641 1964 716 AENEIS.
2592 665 2662 714 v.
2698 639 2821 713 65.

665 839 914 914 Prima
947 839 1112 914 citae
1143 839 1452 914 Teucris
1487 865 1761 938 ponam
1798 839 2210 914 certamina
2247 836 2531 914 classis:
2632 878 2639 886 ·

665 977 966 1076 Quique
1002 978 1276 1079 pedum
1313 1003 1538 1053 cursu
1569 979 1792 1070 valet,
1837 990 1914 1053 et
1949 979 2075 1076 qui
2110 977 2387 1064 viribus
2422 974 2691 1068 audax,

663 1116 836 1190 Aut·
843 1115 1100 1214 jaculo
1137 1117 1422 1191 incedit
1455 1118 1720 1192 melior
1751 1117 2183 1214 levibusque
2216 1115 2531 1215 sagittis,

663 1253 810 1327 Seu
843 1255 1077 1328 crudo
1109 1255 1275 1329 fidit
1310 1279 1643 1354 pugnam
1682 1256 2151 1329 committere
2188 1265 2437 1343 cestu3

665 1391 948 1466 Cuncti
975 1393 1242 1483 adsint,
1279 1393 1708 1490 meritaeque
1743 1403 2187 1490 exspectent
2212 1391 2511 1490 praemia
2537 1389 2819 1489 palmae.

665 1527 816 1604 Ore
849 1529 1099 1604 favete
1131 1553 1412 1623 omnes„
1459 1541 1538 1604 et
1569 1541 1910 1628 tempora
1945 1530 2231 1628 cingite
2266 1529 2511 1602 ramis.

811 1667 929 1741 Sic
963 1667 1182 1760 fatuS,
1227 1669 1430 1742 velat
1463 1681 1807 1742 materna
1840 1680 2177 1767 tempora
2210 1679 2497 1765 myrto:

665 1805 835 1879 Hoc
870 1805 1235 1903 Helymus
1270 1805 1478 1898 facit,
1524 1807 1669 1880 hoc
1704 1806 1839 1880 aevi
1875 1819 2208 1880 maturus
2239 1807 2569 1895 Acestes,

664 1943 833 2016 Hoc
866 1968 1053 2044 puer
1085 1944 1489 2033 Ascanius;
1547 1945 1885 2041 sequitur
1916 1969 2099 2042 quos
2134 1955 2385 2018 cetera
2415 1941 2668 2042 pubes.

663 2081 802 2154 Ille
837 2105 878 2154 e
915 2082 1236 2155 concilio
1269 2081 1526 2156 multis
1561 2105 1735 2156 eum
1772 2082 2099 2157 millibus
2135 2081 2295 2155 ibat

660 2219 783 2292 Ad
819 2220 1212 2311 tumulum,
1259 2244 1538 2320 magna
1570 2220 1858 2294 medius
1894 2222 2307 2294 comitante
2344 2228 2665 2294 caterva.

665 2357 810 2429 Hic
844 2355 996 2430 duo
1029 2357 1172 2431 rite
1205 2380 1413 2430 mero
1448 2357 1691 2431 libans
1727 2357 2111 2432 carchesia
2138 2357 2431 2431 baccho

661 2493 941 2568 Fundit
975 2493 1205 2585 humi,
1251 2493 1402 2568 duo
1435 2495 1637 2568 lacte
1670 2519 1887 2587 n0v0,
1935 2495 2087 2568 duo
2122 2495 2491 2594 sanguine
2528 2517 2737 2568 sacro
2751 2519 2773 2584 .;

659 2631 1222 2731 Purpureosque
1245 2630 1438 2730 jacit
1473 2635 1709 2724 flores,
1758 2657 1847 2707 ac
1880 2633 2065 2706 talia
2096 2632 2335 2706 fatur:

661 2769 895 2862 Salve,
943 2782 1203 2844 sancte
1239 2785 1527 2870 paren'S,
1577 2772 1887 2846 iterum:
1946 2771 2246 2862 salvete,
2296 2770 2577 2869 recepti

661 2907 1193 3006 Nequidquam
1221 2909 1531 3002 cinereS,
1573 2909 1985 3007 animaeque
2014 2909 2439 3007 umbraeque
2468 2917 2813 3007 paternae.

659 3043 845 3118 Non
881 3045 1103 3121 licuit
1135 3049 1318 3122 fines
1356 3048 1608 3139 Italos,
1652 3046 2061 3146 fataliaque
2099 3071 2295 3139 arva,

661 3182 834 3256 Nec
868 3195 1123 3257 tecum
1145 3186 1585 3276 Ausonium,
1623 3187 2074 3284 quicumque
2110 3197 2243 3278 est,
2277 3205 2603 3282 quaerere
2623 3181 2824 3280 Thy-

682 3353 690 3359 ‚
768 3306 774 3312 ⁵
804 3319 1021 3396 brim.

661 3457 986 3532 Dixerat
1020 3459 1200 3549 haec,
1246 3458 1490 3556 adytis
1524 3485 1757 3558 quum
1790 3461 2121 3534 lubricus
2158 3462 2427 3560 anguis
2466 3461 2559 3534 ab
2596 3458 2761 3534 imis

661 3595 960 3694 Septem
995 3595 1264 3694 ingens
1298 3621 1542 3696 gerS,
1588 3610 1899 3700 septena
1930 3597 2333 3692 volumina,
2378 3599 2637 3692 traxit,

661 3732 1075 3830 Amplexus
1108 3734 1402 3832 placide
1437 3736 1833 3828 tumulum,
1880 3737 2272 3834 lapsusque
2305 3761 2439 3835 per
2472 3759 2633 3809 aras
2650 3759 2671 3825 3

665 3869 1015 3945 Caeruleae
1050 3871 1174 3944 cui
1207 3881 1428 3971 terga
1457 3884 1675 3965 uotae,
1722 3875 2141 3950 maculosus
2178 3889 2255 3948 et
2292 3897 2473 3947 auro

661 4007 1552 4111 squamam-incendebat
1585 4009 1874 4110 firlgor3
1934 4031 2077 4086 'eeu
2109 4011 2433 4121 nubibus
2470 4035 2684 4084 arcus

663 4143 880 4220 Mille
902 4145 1095 4244 jacit
1128 4147 1368 4240 varios
1405 4149 1717 4224 adverso
1751 4151 1903 4224 sole
1939 4151 2239 4223 colores,

663 4281 1074 4382 Obstupuit
1105 4284 1268 4357 visu
1305 4287 1597 4362 AEneas.
1709 4287 1868 4379 Ille,
1916 4287 2217 4386 agmine
2252 4288 2482 4387 longo
