3234 5334
715 650 852 715 120
1559 636 1991 713 AENms.
2390 646 2398 655 ·
2574 658 2647 709 v.
2684 582 2835 709 582.

704 839 936 912 Arma
967 796 1152 935 rogo
1183 836 1534 935 genetrix
1567 846 1771 911 nato,
1866 834 1975 909 Te
2006 833 2159 907 filia
2192 832 2449 923 Nerei,
2504 906 2513 915 .
2624 918 2633 925 ,

701 975 812 1049 Te
845 974 1088 1072 potuit
1123 972 1468 1071 lacrymis
1501 972 1857 1047 Tithonia
1890 974 2191 1047 flectere
2226 969 2528 1067 conqu.

702 1111 1024 1209 Adspice
1057 1112 1184 1208 qui
1221 1123 1496 1186 coeant
1527 1112 1801 1211 populi,
1846 1138 2009 1210 quae
2048 1110 2321 1185 moenia
2352 1108 2621 1183 clausis

701 1248 1005 1323 Ferrum
1041 1263 1318 1323 acuant
1353 1249 1582 1347 portis
1617 1250 1697 1323 in
1732 1274 1855 1323 me
1888 1249 2415 1345 excidiumque
2446 1271 2794 1321 meorum.

851 1362 1208 1475 Dixerat3
1267 1399 1347 1460 et
1371 1387 1614 1461 niveis
1649 1388 1829 1461 hinc
1864 1398 2087 1484 atque
2122 1386 2302 1461 hinc
2336 1386 2513 1460 diva
2540 1386 2823 1459 lacertis

704 1522 1214 1599 Cunctantem
1251 1526 1602 1623 amplexu
1638 1524 1843 1598 molli
1874 1523 2119 1597 fovet.-
2176 1525 2302 1599 ille
2336 1536 2646 1621 repente

699 1661 1022 1760 Accepit
1055 1661 1346 1735 solitam
1383 1663 1776 1751 flammam,
1824 1674 2195 1758 notusque
2228 1661 2589 1735 medullas

701 1800 1029 1875 Intravit
1063 1801 1284 1892 calor,
1331 1812 1408 1873 et
1443 1797 1817 1873 labefacta
1848 1824 1983 1896 per
2012 1824 2176 1873 ossa
2208 1798 2581 1873 cucurrit:

701 1938 885 2011 Non
921 1964 1132 2015 secus
1163 1951 1392 2036 'atque
1424 1937 1602 2010 olim
1641 1936 1925 2011 tonitru
1959 1960 2187 2034 quum
2220 1948 2443 2035 rupta
2474 1960 2775 2011 corusco

701 2076 944 2173 Ignea
974 2076 1164 2150 rima
1195 2076 1482 2151 micans
1516 2074 1883 2174 percurrit
1918 2075 2201 2149 lumine
2234 2075 2545 2149 nimbos.

620 2190 626 2199 ⁵
699 2196 943 2285 Sensit
977 2213 1144 2285 laeta
1179 2214 1364 2287 dolis
1401 2226 1478 2287 et
1509 2212 1765 2287 formae
1800 2212 2101 2286 conscia
2134 2210 2433 2310 conqu.

697 2348 891 2421 Tum
927 2360 1142 2447 pater
1171 2362 1452 2423 aeterno
1483 2349 1689 2425 fatur
1722 2349 2113 2424 devinctus
2150 2375 2435 2423 amore:

699 2485 910 2571 Quid
943 2512 1204 2561 causas
1238 2487 1428 2587 petis
1463 2512 1560 2563 ex
1595 2489 1794 2563 alto?
1844 2488 2119 2562 fiducia
2152 2488 2378 2563 cessit

697 2624 871 2709 Quo
906 2626 1064 2717 tibi,
1111 2625 1306 2717 diva,
1351 2626 1544 2699 mei?
1595 2626 1851 2700 similis
1886 2627 1949 2699 si
1986 2651 2166 2699 cura
2199 2625 2482 2716 fuisset,

695 2762 888 2836 Tum
923 2788 1220 2860 quoque
1252 2762 1365 2836 fas
1400 2762 1612 2837 nobis
1640 2764 1965 2841 Teucros
2000 2788 2285 2837 armare
2318 2762 2579 2837 fuisset
2594 2791 2615 2853 ;

696 2899 868 2974 Nec
901 2911 1116 2997 pater
1150 2900 1623 2999 omnipotens
1650 2899 1947 3001 Trojam
1982 2924 2126 2975 nec
2160 2900 2320 2974 fata
2351 2901 2708 2976 vetabant

693 3036 923 3127 Stare,
965 3037 1374 3137 decemque
1410 3037 1588 3111 alios
1618 3008 1993 3127 Priamum
2028 3064 2403 3136 superesse
2432 3064 2565 3138 per
2594 3063 2841 3113 annos.

693 3171 795 3245 Et
827 3198 1058 3266 nunc,
1105 3174 1166 3247 si
1199 3175 1476 3249 bellare
1510 3200 1744 3274 paraS,
1791 3187 2015 3273 atque
2050 3177 2207 3253 haec
2239 3176 2379 3249 tibi
2412 3202 2623 3251 mens
2660 3189 2789 3269 est,

695 3308 1088 3407 Quidquid
1123 3311 1202 3387 in
1237 3324 1396 3385 arte
1430 3336 1600 3386 mea
1632 3336 1925 3410 possum
1957 3313 2389 3411 promittere
2424 3338 2639 3406 curae,

696 3446 924 3532 Quod
953 3447 1118 3521 fieri
1151 3446 1350 3522 ferro
1384 3449 1755 3547 liquidove
1790 3463 2033 3551 potest
2066 3452 2364 3545 electro,

697 3584 1092 3669 Quantum
1130 3584 1343 3684 ignes
1387 3588 1797 3687 animaeque
1828 3591 2121 3680 valent;
2178 3590 2449 3673 absiste
2480 3590 2848 3690 precando

697 3721 1001 3797 Viribus
1041 3722 1468 3797 indubitare
1503 3724 1672 3799 tuis.
1781 3726 1893 3799 Ea
1926 3727 2151 3801 verba
2185 3729 2496 3823 locutuS,

696 3858 1013 3958 Optatos
1050 3859 1261 3934 dedit
1296 3862 1703 3959 amplexu5‚
1748 3864 2269 3964 placidumque
2301 3867 2568 3964 petivit

699 3996 1064 4097 Conjugis
1099 3997 1386 4073 infusus
1419 4000 1705 4098 gremio
1739 4026 1873 4099 per
1902 4002 2235 4075 membra
2264 4028 2625 4102 soporem.

838 4134 1032 4210 Inde
1067 4136 1194 4209 ubi
1230 4138 1470 4235 prima
1500 4139 1728 4235 quieS,
1773 4140 2020 4213 medio
2042 4139 2201 4237 jam
2236 4141 2481 4215 noctis
2514 4141 2795 4215 abactae

696 4272 1110 4366 Curriculo,
1145 4276 1535 4373 expulerat
1561 4300 1940 4367 somnum3
1982 4304 2213 4376 quum
2235 4277 2519 4353 femina
2542 4280 2872 4377 primum,
