3234 5334
380 695 451 745 v.
492 677 659 753 711.
1192 665 1581 743 LIBER
1685 668 1774 742 V.
2470 678 2566 753 29

382 867 621 943 Hunc
657 884 857 966 cape·
880 865 1207 941 consiliis
1242 865 1551 959 socium,
1598 878 1678 941 et
1713 864 2094 966 conjunge
2129 866 2565 957 volentem.e

380 1006 592 1079 Huic
630 1006 849 1080 trade
884 1006 1167 1081 amissis
1202 1019 1559 1105 superant
1592 1006 1723 1105 qui
1757 1006 2096 1099 navibuS,
2143 1017 2222 1081 et
2257 1030 2441 1103 quos

381 1144 795 1219 Pertaesum
828 1145 1088 1245 magni
1123 1144 1407 1246 incepti
1440 1170 1840 1243 rerumque
1874 1158 2178 1221 tuarum
2216 1157 2368 1237 est3

384 1282 957 1385 Longaevosque.
986 1308 1223 1377 senes,
1268 1308 1357 1360 ac
1391 1281 1619 1363 fessas
1655 1308 1946 1383 aequore
1983 1296 2278 1375 matres,

380 1422 491 1499 Et
512 1422 881 1521 quidquid
908 1435 1163 1499 tecum
1194 1424 1609 1501 invalidum
1637 1436 2132 1521 metuensque
2160 1419 2423 1523 pericli
2450 1433 2584 1514 est,

384 1561 705 1662 Delige:
763 1574 842 1638 et
874 1563 989 1639 his
1025 1562 1357 1640 habeant
1391 1562 1607 1641 terris
1649 1562 1812 1637 sine
1847 1560 2122 1637 rnoenia
2153 1557 2350 1637 fessi.

384 1700 678 1777 Urbem
713 1700 1203 1802 appellabunt
1236 1701 1591 1801 permisso
1629 1700 1936 1777 nomine
1971 1701 2348 1777 Acestam.

540 1839 845 1914 Talibus
880 1841 1233 1917 incensus
1270 1840 1493 1919 dictis
1528 1840 1840 1917 senioris
1877 1836 2137 1915 amici:

383 1978 585 2053 Tum
621 2001 801 2054 vero
836 1978 918 2055 in
954 2004 1171 2057 curas
1204 1980 1541 2057 animum
1578 1978 1968 2055 diducitur
2001 2002 2280 2055 omnes.

386 2116 491 2191 Et
527 2141 683 2191 nox
721 2130 886 2193 atra
919 2118 1173 2217 polum
1210 2118 1405 2218 bigis
1441 2117 1804 2197 subvecta
1837 2116 2186 2193 tenebat:

388 2255 575 2329 Visa
610 2255 887 2334 dehinc
923 2259 1109 2335 coelo
1143 2256 1376 2333 facies
1410 2256 1716 2355 delapsa
1748 2256 2082 2356 parentis

385 2394 741 2477 Anchisae
775 2394 1025 2470 subito
1059 2397 1248 2471 tales
1284 2395 1676 2475 effundere
1709 2418 1974 2471 voces:

389 2532 623 2626 Nate,
669 2534 858 2611 mihi
892 2535 1051 2609 vita
1081 2534 1482 2634 quondam,
1528 2534 1711 2611 dum
1748 2532 1905 2611 vita
1935 2531 2310 2625 manebat,

392 2672 589 2747 Care
622 2674 884 2773 magiS‚
934 2684 1135 2767 nate,
1181 2674 1431 2751 Iliacis
1470 2671 1807 2750 exercite
1842 2670 2039 2765 fatis,

297 2865 303 2868 -
395 2811 725 2911 Imperio
758 2812 807 2887 J
810 2813 968 2889 ovis
1002 2813 1154 2889 huc
1190 2814 1435 2905 venie,
1480 2812 1612 2911 qui
1647 2812 2001 2889 classibus
2036 2811 2293 2913 ignem

394 2951 735 3050 Depulit,
784 2965 862 3027 et
900 2953 1087 3027 coelo
1121 2952 1432 3029 tandem
1466 2952 1858 3029 miseratus
1895 2951 1988 3026 ab
2026 2952 2180 3029 alto
2213 2960 2346 3029 est.

398 3088 753 3165 Consiliis
789 3115 967 3189 pare
1002 3116 1165 3189 quae
1201 3116 1413 3169 nunc
1447 3091 1952 3191 pulcherrima
1985 3090 2280 3167 Nautes

394 3230 551 3307 Dat
586 3228 874 3305 senior:
932 3232 1167 3307 lectos
1194 3227 1536 3329 juvenes,
1582 3228 1985 3307 fortissima
2017 3227 2267 3320 corda,

394 3367 634 3445 Defer
672 3368 750 3443 in
788 3367 1130 3459 Italiam3
1186 3394 1375 3467 gens
1410 3367 1602 3447 dura
1633 3378 1858 3467 atque
1893 3392 2153 3468 aspera
2187 3367 2401 3443 cultu

400 3505 880 3582 Debellanda
914 3506 1051 3582 tibi
1090 3506 1309 3585 Latio
1344 3519 1477 3585 est.
1590 3506 1791 3585 Ditis
1825 3518 2082 3583 tamen
2121 3518 2299 3584 ante

392 3643 743 3724 Infernas
780 3645 1060 3722 accede
1095 3644 1392 3738 domos3
1452 3656 1531 3725 et
1564 3646 1873 3725 Averna
1907 3671 2042 3745 per
2075 3647 2260 3722 alta‘

398 3782 865 3883 Congressus
901 3794 1095 3883 pete,
1130 3795 1331 3876 nate,
1368 3808 1593 3863 meos.
1656 3785 1841 3863 Non
1867 3808 1990 3861 me
2014 3783 2245 3883 impia
2267 3806 2592 3881 namque

391 3921 706 3996 Tartara
739 3922 1045 4016 habent,
1092 3922 1343 4000 tristes
1378 3920 1700 4015 umbrae3
1757 3922 1890 4001 sed
1925 3946 2220 4001 amoena
2252 3921 2544 4021 piorum

398 4059 746 4136 Concilia
779 4059 1273 4160 Elysiumque
1307 4062 1493 4141 coln.
1607 4061 1784 4138 Huc
1820 4073 2027 4140 casta
2055 4054 2336 4160 Sibylla

408 4198 825 4300 Nigrarum
860 4202 1100 4279 multo
1134 4200 1511 4301 pecudum
1543 4213 1624 4279 te
1657 4200 2026 4301 sanguine
2060 4199 2311 4277 ducet.

400 4335 593 4412 Tum
618 4364 865 4439 genus
891 4364 1115 4419 omne
1144 4350 1386 4433 tuum,
1414 4351 1494 4417 et
1514 4365 1678 4438 quae
1705 4338 1986 4419 dentur
2009 4339 2302 4431 moenia,
2329 4336 2589 4424 disces.
