3234 5334
698 668 796 741 54
1518 728 1529 737 .
1560 664 1654 738 AE
1677 662 1754 735 N
1779 660 1844 735 E
1869 662 1906 734 I
1929 662 1994 759 S.
2577 686 2646 732 v.
2683 665 2866 751 483.-

702 858 1067 936 Proxima'
1086 859 1361 933 deinde
1396 869 1666 933 tenent
1699 858 1936 933 maesti
1969 858 2156 949 loca,
2203 856 2328 954 qui
2363 855 2504 931 sibi
2535 857 2770 931 letum

702 998 1047 1071 Insontes
1084 966 1433 1096 peperere
1468 1022 1722 1088 manu,
1766 998 2160 1095 lucemque
2196 995 2434 1094 perosi

702 1134 1094 1233 Projecere
1130 1135 1435 1209 animas.
1530 1135 1784 1220 Quam
1815 1137 2099 1210 vellent
2135 1137 2406 1209 aethere
2441 1134 2520 1207 in
2556 1135 2708 1207 alto

703 1274 939 1347 Nunc
976 1285 1055 1346 et
1084 1274 1515 1372 pauperiem
1552 1286 1632 1347 et
1665 1273 1889 1346 duros
1923 1272 2252 1371 perferre
2285 1272 2609 1345 labores!

699 1410 835 1485 Fas
871 1412 1137 1503 obstat,
1183 1410 1525 1507 tristique
1561 1410 1772 1509 palus
1809 1409 2227 1485 inamabilis
2269 1410 2476 1484 unda

699 1549 1007 1650 Alligat,
1054 1562 1133 1622 et
1168 1549 1424 1623 novies
1461 1549 1646 1646 Styx
1683 1546 2049 1623 interfusa
2085 1560 2403 1623 coercet.

704 1687 876 1761 Nec
910 1688 1170 1787 procul
1205 1686 1385 1760 hinc
1414 1698 1704 1786 partem
1737 1685 1884 1761 fusi
1917 1699 2434 1763 monstrantur
2459 1686 2537 1761 in
2567 1710 2870 1760 omnem

702 1825 1087 1925 Lugentes
1124 1824 1406 1923 campi:
1464 1824 1571 1897 sic
1608 1823 1770 1899 illos
1807 1824 2115 1898 nomine
2147 1824 2436 1898 dicunt.

704 1963 851 2037 Hic
888 1986 1068 2059 quos
1104 1960 1333 2035 durus
1368 1986 1577 2035 amor
1613 1961 1899 2037 crudeli
1934 1962 2108 2037 tabe
2141 1963 2434 2061 peredit

702 2100 982 2173 Secreti
1020 2099 1274 2171 celant
1310 2100 1555 2191 calles,
1604 2112 1683 2173 et
1715 2113 2008 2197 myrtea
2041 2100 2330 2175 circum

701 2237 923 2335 Sylva
957 2236 1187 2335 tegit3
1248 2261 1445 2311 curae
1478 2262 1634 2310 non
1674 2237 1832 2335 ipsa
1867 2238 1944 2311 in
1981 2249 2220 2312 morte
2256 2236 2710 2333 relinquunt.

702 2374 841 2449 His
867 2373 1253 2449 Phaedram
1280 2374 1736 2471 Procrinque
1765 2374 1969 2465 lociS,
2002 2387 2480 2472 maestamque
2502 2374 2913 2473 Eriphylen

704 2512 1047 2587 Crudelis
1082 2512 1243 2586 nati
1280 2478 1826 2585 monstrantem
1858 2512 2194 2605 vulnera,
2240 2513 2504 2604 cernit,

700 2650 1239 2748 Euadnenque,
1289 2663 1367 2723 et
1402 2650 1840 2749 Pasiphaen.
1952 2652 2091 2725 His
2129 2651 2534 2726 Laodamia

703 2789 778 2862 It
812 2780 1099 2877 comes3
1144 2800 1221 2860 et
1243 2786 1545 2884 juvenis
1574 2788 1976 2885 quondam,
2015 2814 2226 2863 nunc
2259 2788 2562 2882 femina,
2593 2788 2873 2880 Caenis,

700 2926 981 2999 Rursus
1018 2936 1094 2997 et
1130 2923 1208 2997 in
1244 2936 1572 2998 veterem
1610 2924 1771 2999 fato
1807 2928 2143 3001 revoluta
2175 2929 2514 3025 figuram.

702 3065 921 3138 Inter
950 3088 1130 3160 quas
1164 3062 1545 3137 Phoenissa
1579 3088 1841 3142 recens
1879 3088 1924 3136 a
1955 3066 2266 3139 vulnere
2299 3064 2504 3139 Dido

700 3203 1023 3277 Errabat
1056 3201 1265 3299 sylva
1300 3201 1379 3275 in
1418 3226 1735 3300 magna:
1793 3226 2016 3298 quam
2051 3202 2311 3276 Troius
2348 3202 2578 3313 heros·

700 3341 811 3415 Ut
846 3338 1167 3438 primum
1192 3337 1423 3435 juxta
1454 3340 1687 3447 stetit,
1737 3339 2192 3438 agnovitque
2225 3364 2362 3437 per
2393 3340 2728 3415 umbram

703 3478 1142 3568 Obscuram,
1191 3479 1486 3575 qualem
1520 3478 1760 3576 primo
1794 3478 1921 3575 qui
1955 3502 2260 3577 surgere
2293 3502 2550 3553 mense

701 3619 861 3692 Aut
894 3616 1105 3691 videt
1140 3629 1272 3689 aut
1302 3615 1572 3689 vidisse
1608 3626 1828 3714 putat
1859 3640 1994 3713 per
2025 3615 2286 3689 nubila
2317 3616 2596 3708 lunam,

702 3754 1030 3829 Demisit
1064 3755 1449 3851 lacrymas,
1498 3753 1850 3850 dulcique
1885 3752 2154 3827 affatus
2191 3778 2440 3827 amore
2477 3766 2624 3829 est:

706 3864 988 3966 Infelix
1025 3891 1248 3981 Dido,
1295 3915 1512 3965 verus
1546 3891 1734 3964 mihi
1767 3890 2080 3964 nuntius
2116 3916 2298 3990 ergo

700 4030 1039 4105 Venerat
1076 4027 1516 4119 extinctam,
1560 4026 1908 4126 ferroque
1943 4039 2283 4103 extrema
2315 4032 2685 4112 secutam!

596 4244 615 4265 .
700 4165 1031 4258 FuneriS,
1078 4166 1263 4241 heu!
1321 4164 1462 4239 tibi
1499 4190 1725 4239 causa
1757 4165 1908 4240 fui!
1983 4166 2126 4240 Per
2157 4167 2415 4241 sidera·
2419 4166 2615 4265 juro,

701 4303 845 4376 Per
878 4327 1202 4403 superos,
1248 4316 1327 4379 et
1360 4303 1421 4381 si
1456 4328 1604 4401 qua
1639 4304 1819 4379 fides
1855 4305 2120 4379 tellure
2155 4304 2293 4378 sub
2329 4304 2480 4401 ima
2513 4316 2646 4398 est,
