3234 5334
386 662 453 711 v.
489 646 657 711 203.
1161 634 1224 708 L
1247 634 1284 707 1
1310 574 1549 709 BE'R
1647 634 1782 710 v1.
2355 684 2364 693 .
2461 640 2556 709 45

385 834 735 909 Discolor
768 832 973 907 unde
1009 832 1171 906 auri
1206 856 1342 931 per
1374 858 1615 907 ramos
1653 857 1836 907 aura
1870 832 2179 909 refulsit.

388 972 631 1056 Quale
668 972 859 1045 solet
892 969 1116 1069 sylvis
1147 971 1468 1045 brumali
1502 970 1786 1071 frigore
1821 971 2112 1047 viscum

388 1109 681 1183 Fronde
716 1110 956 1184 virere
989 1132 1209 1201 nova,
1256 1108 1459 1208 quod
1494 1134 1650 1183 non
1687 1134 1823 1183 sua
1855 1109 2176 1185 seminat
2209 1109 2448 1205 arbos,

384 1240 482 1323 Et
515 1272 791 1321 croceo
822 1246 987 1321 fetu
1019 1257 1295 1321 teretes
1333 1246 1804 1321 circumdare
1837 1258 2186 1323 truncos:

384 1386 581 1459 Talis
619 1397 783 1463 erat
816 1386 1098 1486 species
1134 1386 1298 1461 auri
1330 1383 1754 1460 frondentis
1789 1410 2026 1484 opaca

388 1523 568 1597 Ilice
587 1553 609 1615 3
668 1523 777 1598 sic
812 1523 967 1597 leni
1002 1524 1419 1623 crepitabat
1452 1523 1763 1599 bractea
1793 1536 2044 1598 vento.

391 1662 717 1761 Corripit
751 1662 1024 1737 AEneas
1058 1662 1459 1761 extemp10‚
1508 1662 1918 1761 avidusque
1953 1659 2307 1761 refringit

390 1798 922 1892 Cunctantem,
970 1813 1049 1874 et
1080 1798 1272 1875 ‘vatis
1308 1812 1559 1899 portat
1592 1800 1732 1874 sub
1769 1811 1976 1875 tecta
2012 1798 2324 1897 Sibyllae.

530 1938 709 2011 Nec
744 1936 990 2029 minus
1026 1939 1317 2012 interea
1352 1937 1734 2012 Misenum
1774 1938 1851 2011 in
1889 1937 2140 2010 littore
2168 1936 2442 2011 Teucri

390 2074 722 2167 Flebant,
770 2086 849 2149 et
882 2076 1119 2151 cineri
1153 2076 1455 2176 ingrato
1490 2100 1837 2174 suprema
1868 2074 2238 2151 ferebant.

387 2212 761 2312 Principio
795 2214 1156 2313 pinguem
1192 2214 1401 2289 taedis
1438 2226 1516 2289 et
1548 2215 1813 2288 robore
1855 2225 2064 2288 secto

387 2351 792 2451 Ingentem
824 2363 1169 2426 struxere
1204 2350 1503 2451 pyram3
1562 2352 1689 2425 cui
1720 2351 2112 2426 frondibus
2149 2351 2329 2425 atris

386 2490 763 2567 Intexunt
794 2491 1051 2583 latera,
1100 2503 1177 2565 et
1210 2480 1479 2566 ferales
1514 2503 1694 2565 ante
1731 2514 2116 2589 cupressos

386 2628 906 2720 Constituunt‚
953 2628 1463 2727 decorantque
1498 2653 1724 2727 super
1754 2626 2222 2728 fulgentibus
2259 2628 2500 2703 armis.

383 2768 559 2841 Pars
596 2766 879 2841 calidos
912 2766 1175 2841 latices
1208 2779 1287 2841 et
1322 2768 1565 2841 ahena
1598 2767 1972 2841 undantia
2003 2766 2320 2840 flammis

382 2905 846 3005 Expediunt,
893 2929 1309 3003 corpusque
1342 2906 1604 2979 lavant
1634 2904 1984 3005 frigentis
2021 2916 2098 2979 et
2131 2918 2454 3004 ungunt.

381 3043 498 3118 Fit
533 3045 899 3143 gemitus:
957 3054 1121 3117 tum
1156 3044 1494 3118 membra
1528 3056 1696 3118 toro
1729 3044 2004 3120 defleta
2036 3054 2414 3142 reponunt
2430 3070 2450 3133 ;

380 3182 947 3281 Purpureasque
984 3206 1207 3281 super
1236 3194 1500 3274 vestrm,
1545 3181 1924 3256 velamina
1958 3192 2160 3272 nota,

383 3320 847 3420 Conjiciunt.
960 3319 1137 3395 Pars
1174 3320 1473 3420 ingenti
1504 3319 1800 3395 subiere
1832 3317 2132 3412 feretro,

377 3460 625 3534 Triste
658 3459 1179 3550 ministerium,
1226 3470 1304 3532 et
1340 3446 1754 3558 subjectam
1790 3482 1995 3534 more
2032 3471 2430 3558 parentum

381 3598 644 3673 Aversi
678 3610 993 3672 tenuere
1027 3596 1315 3673 facem:
1374 3610 1742 3696 congesta
1775 3610 2211 3672 cremantur

382 3737 629 3812 Turea
664 3736 884 3829 dona,
931 3736 1179 3834 dapeS,
1222 3734 1391 3809 fuso
1428 3747 1754 3811 crateres
1791 3734 2008 3810 olivo.

385 3874 786 3973 Postquam
812 3874 1127 3973 collapsi
1164 3873 1474 3965 cineres,
1524 3884 1601 3947 et
1635 3875 1935 3947 flamma
1967 3870 2272 3971 quievit3

386 4012 791 4111 Relliquias
822 4013 1002 4086 vino
1037 4025 1114 4086 et
1146 4012 1482 4087 bibulam
1516 4013 1766 4087 lavere
1799 4011 2154 4103 favillam,

392 4150 723 4249 Ossaque
759 4151 957 4226 lecta
992 4150 1183 4223 cado
1217 4150 1414 4225 texit
1450 4150 1856 4249 Corynaeus
1895 4151 2155 4223 aheno.

390 4287 596 4363 Idem
631 4301 753 4365 ter
784 4290 1019 4364 socios
1057 4314 1244 4387 pura
1280 4289 1748 4365 circumtulit
1785 4288 2006 4380 unda,
