3234 5334
615 617 701 684 12
849 677 858 682 .
1461 608 1893 683 AENEIS.
2476 617 2747 690 v.270.

603 805 910 880 Amissis
944 805 1187 898 remiS‚
1234 817 1457 903 atque
1491 806 1767 882 ordine
1788 804 2051 881 debilis
2084 831 2261 896 unc,

579 943 904 1020 .Irrisam
937 943 1098 1031 sine
1131 945 1412 1018 honore
1445 955 1685 1018 ratem
1720 944 2103 1043 Sergestus
2138 941 2430 1042 agebat.

603 1081 866 1166 Qualis
901 1107 1088 1180 saepe
1122 1083 1260 1156 viae
1291 1083 1697 1180 deprensus
1732 1081 1811 1156 in
1849 1105 2127 1182 aggere
2158 1103 2480 1177 serpens,
2596 1125 2599 1132 -

599 1220 822 1294 AErea
853 1245 1076 1318 quem
1109 1219 1491 1317 obliquum
1526 1203 1691 1294 rota
1723 1218 2042 1309 transiit,
2088 1228 2221 1291 aut
2254 1216 2499 1316 gravis
2534 1215 2692 1294 ictu

599 1358 1060 1435 Seminecem
1095 1356 1314 1457 liquit
1343 1347 1526 1432 saxo
1559 1359 2039 1455 lacerumque
2073 1355 2335 1446 viator,

599 1496 1133 1595 Nequidquam
1167 1498 1430 1596 longos
1457 1496 1763 1596 fugiens
1798 1495 1931 1574 dat
1966 1517 2273 1592 corpore
2308 1503 2547 1566 tortus
2564 1521 2586 1582 ;

597 1633 820 1709 Parte
851 1634 1088 1726 ferox,
1137 1635 1550 1732 ardensque
1585 1633 1841 1725 oculis,
1890 1645 1967 1712 et
2001 1631 2215 1706 sibila
2250 1631 2443 1710 colla

593 1771 894 1849 Arduus
929 1773 1279 1847 attollens
1297 1801 1318 1863 3
1375 1797 1544 1871 pars
1579 1773 1891 1848 vulnere
1927 1769 2563 1848 claudaretentat

595 1907 1034 1984 Nexantem
1069 1910 1304 2001 nodis,
1351 1935 1574 2007 seque
1611 1909 1691 1986 in
1726 1933 1861 1982 sua
1892 1907 2229 1984 membra
2260 1906 2704 2006 plicantem:

592 2047 758 2120 Tali
792 2047 1106 2146 remigio
1141 2045 1352 2126 navis
1386 2073 1464 2120 se
1498 2048 1715 2123 tarda
1748 2047 2095 2126 movebat
2112 2073 2134 2136 3

593 2185 786 2257 Vela
816 2183 1002 2262 facit
1035 2196 1312 2276 tamen,
1357 2196 1435 2258 et
1465 2186 1648 2260 velis
1682 2185 1883 2260 subit
1916 2184 2105 2260 ostia
2136 2183 2399 2283 plenis,

591 2323 1020 2422 Sergestum
1051 2321 1323 2400 AEneas
1359 2324 1715 2422 promisso
1736 2347 2059 2398 munere
2097 2321 2350 2414 donat,

593 2461 973 2536 Servatam
1007 2462 1102 2535 ob
1139 2487 1409 2538 navem
1444 2463 1652 2536 laetus
1690 2461 2074 2558 sociosque
2109 2459 2477 2536 reductos-

593 2597 743 2670 Olli
779 2623 990 2672 serva
1021 2589 1246 2672 datur
1280 2623 1586 2696 operum
1622 2598 1826 2672 haud
1860 2598 2127 2696 ignara
2160 2596 2544 2686 Minervae‚

596 2734 858 2810 Cressa
892 2761 1130 2835 genus
1169 2735 1467 2828 Pholoe,
1513 2736 1943 2836 geminique
1980 2736 2117 2810 sub
2154 2735 2382 2808 ubere
2415 2731 2597 2809 nati.

737 2875 907 2949 Hoc
941 2877 1104 2973 pius
1140 2877 1410 2957 AEneas
1444 2878 1665 2952 misso
1704 2877 2113 2951 certamine
2148 2873 2396 2948 tendit

590 3013 1084 3092 Gramineum
1109 3015 1190 3088 in
1215 3039 1580 3114 campum,
1609 3039 1831 3111 quem
1858 3013 2167 3088 collibus
2198 3011 2527 3108 undique
2553 3009 2797 3087 curvis

591 3149 1022 3250 Cingebant
1057 3153 1314 3250 sylvae3
1372 3152 1763 3250 mediaque
1800 3152 1879 3226 in
1912 3152 2103 3226 valle
2142 3149 2415 3224 theatri

590 3288 854 3362 Circus
889 3301 1070 3381 erat,
1117 3315 1266 3386 quo
1297 3315 1375 3362 se
1409 3290 1665 3363 multis
1702 3315 1874 3364 cum
1910 3288 2233 3362 millibus
2270 3288 2483 3363 heros

589 3427 958 3508 Consessu
991 3428 1324 3506 medium
1357 3429 1554 3519 tulit,
1601 3440 2133 3526 exstructoque
2168 3425 2464 3500 resedit.

587 3564 730 3644 Hic
766 3565 893 3662 qui
927 3564 1122 3638 forte
1158 3567 1397 3644 velint
1437 3565 1697 3664 rapido
1734 3565 2191 3640 contendere
2230 3590 2451 3638 cursu

585 3702 871 3776 Invitat
905 3703 1160 3805 pretiis
1197 3704 1503 3794 animos,
1551 3715 1630 3777 et
1662 3703 1961 3804 praemia
1992 3703 2223 3801 ponit.

542 3936 550 3945 ἱ
581 3840 936 3938 Undique
973 3841 1438 3917 conveniunt
1470 3841 1764 3934 Teucri,
1809 3841 2177 3938 mixtique
2211 3840 2492 3920 Sicani:

583 3979 814 4052 Nisus
851 3992 928 4055 et
964 3980 1330 4078 Euryalus
1363 3979 1617 4078 primi3
1689 4031 1695 4037 -
1856 4056 1903 4104 ο

581 4115 948 4215 Euryalus
981 4117 1222 4196 forma
1253 4116 1566 4216 insignis
1603 4117 1968 4216 viridique
1995 4115 2335 4215 juventa,

582 4253 812 4329 Nisus
848 4280 1098 4330 amore
1131 4255 1254 4360 pio
1289 4256 1538 4353 pueri:
1595 4281 1777 4353 quos
1812 4255 2085 4330 deinde
2122 4266 2419 4334 secutus
