3234 5334
619 525 690 658 '2
1497 585 1931 660 AENEIS.
2374 677 2381 688 ¹
2566 612 2633 660 v.
2684 597 2789 662 13.

647 782 968 872 Quidve,
1015 794 1230 881 pater
1261 782 1645 882 Neptune,
1694 781 1951 881 paras?
2015 781 2133 856 Sic
2167 781 2441 858 deinde
2477 759 2793 876 locutus,

647 919 1022 1018 Colligere
1059 944 1264 994 arma
1283 919 1525 1018 jubet,
1569 917 1979 1018 validisque
2014 919 2449 994 incumbere
2484 921 2703 995 remis
2720 948 2744 1012 3

646 1057 1148 1156 Obliquatque
1191 1057 1393 1130 sinus
1429 1060 1509 1130 in
1543 1070 1877 1150 ventum,
1924 1082 2014 1130 ac
2048 1058 2231 1132 talia
2262 1047 2502 1168 fatur:

647 1195 1142 1294 Magnanime
1175 1197 1431 1288 AEnea,
1479 1219 1655 1288 non,
1700 1196 1762 1268 si
1796 1195 1980 1268 mihi
2010 1196 2059 1270 J
2064 1196 2361 1295 uppiter
2394 1208 2661 1270 auctor

509 1433 514 1438 ·
643 1332 1039 1430 Spondeat,
1085 1334 1228 1407 hoc
1263 1357 1548 1432 sperem
1587 1332 1885 1406 Italiam
1921 1331 2363 1432 contingere
2401 1335 2605 1407 coelo⁰

647 1471 930 1544 Mutati
964 1483 1383 1545 transversa
1414 1471 1768 1562 fremunt,
1816 1484 1891 1545 et
1926 1495 2229 1570 vespere
2264 1473 2359 1544 ab
2396 1484 2558 1545 atro

647 1607 1136 1706 Consurgunt
1170 1608 1400 1699 venti,
1448 1621 1671 1708 atque
1710 1611 1785 1682 in
1822 1609 2101 1684 nubem
2136 1611 2435 1708 cogitur
2466 1635 2612 1683 aer.

644 1743 815 1818 Nec
851 1769 986 1818 nos
1019 1745 1262 1820 obniti
1297 1758 1578 1838 contra,
1626 1771 1771 1822 nec
1804 1745 2118 1821 tendere
2152 1759 2471 1840 tantum,

643 1883 1092 1959 Sufficimus:
1149 1896 1448 1982 superat
1481 1885 1835 1983 quoniam
1868 1881 2194 1978 fortuna,
2240 1909 2668 1983 sequamur;

638 2021 958 2119 Quoque
992 2034 1215 2095 vocat
1249 2035 1622 2096 vertamus
1659 2023 1820 2096 iter.
1916 2022 2088 2096 Nec
2124 2022 2378 2096 littora
2409 1999 2665 2121 longe·

641 2158 824 2232 Fida
859 2183 1029 2232 reor
1057 2157 1392 2233 fratema
1427 2159 1706 2257 EryciS,
1752 2171 2154 2258 portusque
2190 2159 2511 2250 Sicanos,

639 2295 710 2368 Si
748 2295 971 2369 modo
1005 2297 1146 2369 rite
1180 2319 1466 2370 memor
1500 2310 1795 2371 servata
1826 2298 2177 2370 remetior
2211 2309 2427 2371 astra.

638 2433 832 2506 Tum
867 2433 1030 2531 pius
1065 2434 1373 2508 AEneas:
1429 2433 1797 2532 Equidem
1834 2435 1940 2510 sic
1973 2459 2279 2533 poscere
2313 2448 2577 2512 ven-tos
2675 2509 2689 2516 -

636 2569 686 2643 J
691 2595 810 2644 am
847 2569 1152 2662 dudum,
1199 2582 1277 2644 et
1307 2569 1588 2645 flustra
1622 2595 1849 2644 cerno
1884 2583 1962 2645 te
1994 2571 2307 2646 tendere
2346 2585 2629 2646 contra.

637 2707 888 2781 Flecte
921 2708 1121 2782 viam
1155 2707 1357 2781 velis.
1442 2709 1591 2781 'An
1628 2708 1724 2782 sit
1756 2707 1941 2782 mihi
1976 2709 2262 2808 gratior
2296 2711 2468 2802 ulla,

638 2844 910 2928 Quove
939 2846 1177 2942 magis
1209 2843 1437 2919 fessas
1471 2858 1725 2944 optem
1760 2845 2157 2921 demittere
2192 2871 2441 2940 naves„

639 2981 889 3065 Quam
925 3007 1086 3079 quae
1121 2981 1590 3058 Dardanium
1624 2985 1845 3058 tellus
1880 2983 2064 3058 mihi
2086 2998 2346 3088 servat
2380 2987 2731 3078 Acesten,

503 3109 514 3125 ’
637 3117 735 3190 Et
769 3119 998 3215 patris
1032 3119 1377 3194 Anchisae
1419 3122 1707 3220 gremio
1742 3123 2267 3220 complectitur
2298 3123 2505 3198 ossa?

637 3255 820 3329 Haec
858 3257 986 3329 ubi
1021 3256 1246 3349 dicta,
1294 3267 1564 3357 petunt
1599 3271 1875 3358 portus,
1922 3271 2003 3334 et
2034 3261 2203 3336 vela
2235 3261 2550 3337 secundi

571 3367 578 3374 ¹
637 3393 1061 3468 Intendunt
1093 3395 1446 3493 Zephyri:
1505 3394 1749 3471 fertur
1782 3396 1935 3472 cita
1966 3399 2269 3498 gurgite
2308 3399 2594 3490 classis5

633 3531 731 3604 Et
766 3531 1072 3604 tandem
1109 3532 1256 3606 laeti
1291 3545 1488 3608 notae
1523 3533 2021 3610 advertuntur
2054 3561 2312 3612 arenae.
2588 3546 2593 3555 '

779 3672 883 3750 At
918 3658 1178 3768 procul
1215 3673 1513 3746 excelso
1531 3673 1855 3750 'miratus
1890 3675 2173 3750 vertice
2209 3676 2485 3752 montis

631 3807 1068 3882 Adventum
1103 3810 1482 3908 sociasque
1517 3824 1734 3903 rates,
1780 3814 2111 3888 occurrit
2144 3815 2473 3906 AcesteS‚

633 3944 999 4018 Horridus
1035 3945 1112 4019 in
1137 3944 1410 4044 jaculis
1447 3961 1526 4022 et
1555 3950 1749 4046 pelle
1788 3948 2189 4048 Libystidis
2228 3977 2447 4042 ursae3

629 4081 852 4155 Troia
889 4082 1703 4184 Crimiso'conceptum‘
1730 4087 2037 4162 flumine
2077 4103 2319 4164 mater
2794 4173 2803 4178 ,

632 4219 879 4303 Quem
907 4222 1192 4321 genuit.
1256 4213 1617 4301 Veterum
1652 4249 1807 4298 non
1843 4225 2231 4303 immemor
2260 4229 2385 4317 ille
2410 4243 2833 4328 parentum,
