3234 5334
409 702 477 748 v.
517 676 683 757 716.
1172 674 1562 755 LIBER
1661 677 1803 753 IX.
2440 677 2574 751 163

560 875 707 947 Hic
745 874 950 947 Mars
987 874 1439 972 armipotens
1477 874 1810 948 animum
1845 875 2186 972 viresque
2224 872 2509 948 Latinis

407 1012 748 1103 Addidit,
797 1024 873 1087 et
907 1012 1242 1086 stimulos
1279 1038 1486 1087 acres
1523 996 1677 1087 sub·
1696 1026 2002 1113 pectore
2036 1013 2263 1087 vertit
2281 1042 2301 1103 ;

411 1149 879 1248 Immisitque
911 1149 1173 1249 fugam
1201 1151 1510 1225 Teucris
1546 1164 1940 1249 atrumque
1974 1152 2342 1225 timorem.

325 1296 332 1303 “
408 1286 765 1385 U'ndique
801 1288 1286 1381 conveniunt,
1333 1290 1687 1387 quoniam
1722 1290 1901 1363 data
1936 1290 2151 1387 copia
2184 1314 2476 1388 pugnae,

323 1478 338 1491 ·
410 1425 883 1524 Bellatorque
919 1428 1206 1499 animos
1241 1427 1424 1501 deus
1459 1428 1751 1501 incidit.
1830 1500 1835 1507 .

409 1563 816 1657 Pandarus»,
861 1576 948 1637 ut
979 1562 1148 1639 fuso
1182 1589 1627 1663 germanum
1662 1588 1971 1664 corpore
2007 1566 2272 1657 cernit,

409 1702 513 1776 Et
546 1727 692 1800 quo
727 1702 824 1775 sit
856 1701 1164 1776 fortuna
1195 1704 1383 1795 loco,
1431 1704 1559 1800 qui
1596 1727 1809 1776 casus
1846 1714 2023 1801 agat
2060 1728 2195 1794 reS,

409 1839 711 1913 Portam
745 1839 822 1914 vi
855 1818 1094 1912 multa
1128 1863 1488 1915 converso
1523 1840 1829 1915 cardine
1856 1852 2183 1938 torquet,

409 1977 758 2051 Obnixus
792 1977 960 2053 latis
995 1977 1342 2069 humeriS,
1389 1980 1812 2078 multosque
1848 2002 2151 2053 suorum

411 2116 792 2191 Moenibus
829 2118 1170 2191 exclusos
1204 2116 1394 2191 duro
1429 2116 1506 2191 in
1547 2116 1961 2191 certamine
1996 2116 2308 2214 linquit:

406 2254 552 2327 Ast
585 2254 764 2327 alios
797 2278 1054 2329 secum
1089 2255 1412 2329 includit
1447 2254 1860 2353 recipitque
1894 2268 2240 2345 ruentes3

409 2390 782 2465 Demens!
832 2393 960 2490 qui
991 2393 1354 2466 Rutulum
1391 2392 1468 2467 in
1505 2393 1755 2467 medio
1790 2418 1945 2466 non
1986 2394 2289 2491 agmine
2325 2418 2581 2493 regem

410 2528 716 2621 Viderit,
743 2531 1302 2629 irrumpentem,
1347 2532 1694 2627 ultroque
1730 2529 2120 2603 incluserit
2152 2530 2342 2622 urbi,

410 2667 832 2742 Immanem
865 2669 1100 2742 veluti
1137 2692 1408 2767 pecora
1442 2668 1643 2743 inter
1676 2667 1949 2742 inertia
1984 2668 2261 2767 tigrim.

413 2804 800 2882 Continuo
833 2832 1032 2880 nova
1063 2808 1199 2881 lux
1235 2806 1470 2879 oculis
1507 2806 1807 2899 effulsit,
1856 2816 1935 2879 et
1969 2829 2177 2878 arma

411 2945 894 3020 Horrendnm
931 2970 1246 3021 sonuere
1263 2973 1286 3037 3
1341 2957 1684 3021 tremunt
1718 2945 1794 3018 in
1832 2944 2115 3019 vertice
2154 2946 2393 3019 cristae

387 3054 874 3183 ’‘Sanguineae,
925 3086 1334 3185 clypeoque
1367 3084 1729 3159 micantia
1763 3082 2085 3157 fulmina
2120 3083 2376 3157 mittit.

411 3224 864 3322 Agnoscunt
887 3222 1168 3298 ‘faciem
1207 3224 1520 3299 invisam
1557 3235 1783 3321 atque
1821 3221 2178 3295 immania
2209 3219 2544 3294 membra

409 3361 728 3435 Turbati
761 3362 1009 3436 subito
1034 3362 1404 3437 AEneadae.
1495 3362 1692 3435 Tum
1727 3360 2113 3434 Pandarus
2148 3359 2417 3458 ingens

414 3498 733 3592 Emicat,
763 3512 878 3593 et,
921 3499 1184 3573 mortis
1215 3498 1564 3573 fraternae
1594 3470 1926 3572 fervidus
1962 3499 2094 3589 ira,

414 3635 748 3712 Effatur:
805 3638 988 3712 Non
1024 3640 1184 3713 haec
1220 3638 1486 3711 dotalis
1523 3636 1736 3736 regia
1769 3636 2079 3727 Amatae,

414 3774 590 3849 Nec
623 3776 855 3849 muris
891 3776 1194 3850 cohibet
1225 3775 1484 3874 patriis
1519 3775 1770 3849 media
1801 3775 2053 3849 Ardea
2079 3774 2460 3848 Turnum:

417 3912 686 3987 castra
720 3913 1027 3989 inimica
1058 3915 1304 4004 vides3
1364 3915 1574 3987 nulla
1607 3914 1787 3987 hinc
1834 3913 2041 3987 exire
2076 3924 2423 4011 potestas.

418 4051 570 4126 Olli
604 4050 996 4125 subridens
1039 4052 1296 4126 sedato
1332 4064 1639 4150 pectore
1671 4053 2008 4125 Turnus:

417 4190 703 4288 Incipe,
749 4189 812 4261 si
845 4214 994 4287 qua
1027 4190 1278 4264 animo
1310 4166 1584 4282 virtuS,
1617 4202 1696 4262 et
1731 4212 2037 4262 consere
2072 4187 2457 4277 dextram3

421 4328 568 4403 Hic
602 4327 829 4401 etiam
869 4328 1258 4402 inventum
1296 4327 1590 4400 Priamo
1627 4323 1961 4399 narrabis
1998 4323 2389 4399 Achillem.
