3234 5334
618 654 763 725 270
1268 682 1287 693 -
1474 644 1662 718 AEN
1690 644 1753 719 E
1779 640 1904 719 18.
1999 710 2008 719 .
2491 666 2558 714 v.
2596 644 2758 726 792.

612 843 801 927 Quae
821 840 981 940 jam
1014 840 1179 914 finis
1216 842 1377 932 erit,
1424 840 1750 940 conjux?
1803 840 1984 937 quid
2017 840 2339 938 denique
2375 839 2652 913 restat?
2691 854 2696 860 '

610 981 1041 1082 Indigetem
1069 982 1357 1055 AEnean
1396 981 1541 1055 scis
1574 982 1752 1080 ipsa,
1801 993 1881 1054 et
1912 979 2100 1053 scire
2133 979 2410 1071 fateris,

612 1116 894 1193 Deberi
928 1120 1140 1211 coe10,
1179 1089 1499 1217 fatisque
1524 1120 1631 1197 ‚ad
1665 1118 1910 1192 sidera
1943 1118 2126 1193 tolli.

612 1257 821 1342 Quid
854 1257 1120 1331 struis?
1174 1266 1487 1354 aut'qua
1518 1282 1646 1357 spe
1682 1257 1946 1357 gelidis
1986 1256 2062 1329 in
2099 1255 2422 1330 nubibus
2459 1256 2730 1329 haeres?

614 1392 998 1495 Mortalin’
1033 1396 1292 1469 decuit
1328 1395 1587 1470 violari
1623 1396 1934 1469 vulnere
1969 1394 2224 1469 divum
2243 1422 2264 1483 ;

612 1533 771 1606 Aut
807 1558 1059 1606 ensem
1101 1532 1315 1630 (quid
1352 1532 1555 1605 enim
1590 1532 1750 1605 sine
1789 1544 1865 1605 te
1897 1532 2229 1605 Juturna
2261 1526 2628 1628 valeret?)

612 1671 974 1768 Ereptum
1007 1670 1221 1743 reddi
1253 1670 1318 1741 T
1320 1695 1532 1762 urn0,
1580 1681 1659 1743 et
1693 1670 1844 1743 vim
1882 1694 2218 1749 crescere
2251 1669 2516 1768 victis?

614 1809 897 1883 Desine
920 1807 1081 1907 jam
1115 1807 1445 1901 tandem,
1490 1808 1982 1906 precibusque
2018 1806 2398 1881 inflectere
2433 1806 2704 1880 nostris
2723 1834 2744 1897 3

616 1947 787 2020 Nec
824 1958 901 2019 te
936 1957 1191 2019 tantus
1229 1946 1405 2019 edat
1439 1946 1749 2019 tacitam
1787 1945 2033 2035 dolor3
2094 1956 2171 2035 et
2201 1943 2384 2016 mihi
2422 1967 2616 2017 curae

615 2084 815 2182 Saepe
849 2096 982 2157 tuo
1016 2084 1219 2157 dulci
1262 2084 1509 2157 tristes
1546 2110 1643 2157 ex
1679 2108 1806 2157 ore
1841 2096 2246 2157 recursent.
2317 2062 2322 2069 ⁶

615 2222 951 2295 Ventum
992 2221 1084 2294 ad
1119 2246 1545 2319 supremum
1583 2233 1718 2294 est.
1799 2220 2044 2294 Terris
2081 2220 2363 2319 agitare
2403 2221 2519 2295 vel
2560 2220 2773 2293 undis

615 2358 971 2457 Trojanos
1010 2358 1335 2456 potuisti,
1385 2358 1778 2433 infandum
1821 2359 2234 2433 accendere
2269 2358 2570 2451 bellum,

619 2496 1059 2571 Deformare
1098 2497 1424 2589 domum,
1475 2512 1551 2571 et
1586 2499 1802 2571 luctu
1838 2497 2148 2571 miscere
2185 2499 2645 2595 hymenaeos:

617 2634 950 2709 Ulterius
984 2646 1278 2708 tentare
1315 2650 1509 2709 veto.
1620 2636 1739 2708 Sic
1772 2635 1819 2708 J
1826 2636 2121 2732 uppiter
2155 2660 2398 2709 orsus:

619 2773 738 2847 Sic
776 2773 918 2846 dea
958 2773 1317 2845 submisso
1354 2786 1617 2845 contra
1653 2773 1998 2847 Saturnia
2030 2775 2282 2847 vultu:

621 2911 777 2983 Ista
795 2910 1108 3007 quidem
1144 2910 1319 3007 quia
1355 2922 1535 2983 nota
1568 2909 1752 2983 mihi
1789 2922 1938 3001 tua,
1985 2886 2278 3009 magne,
2326 2912 2691 3001 voluntaS,

617 3049 664 3122 J
671 3050 986 3147 uppiter,
1034 3059 1110 3122 et
1137 3050 1475 3122 Turnum
1516 3059 1591 3121 et
1629 3059 1862 3122 terras
1901 3048 2138 3137 invita
2173 3049 2456 3147 reliqui.

622 3188 793 3261 Nec
831 3199 916 3261 tu
951 3214 1071 3261 me
1110 3188 1305 3259 aeria
1341 3187 1569 3260 solam
1604 3212 1812 3265 nunc
1849 3187 2022 3260 sede
2058 3186 2345 3261 videres

620 3326 899 3424 Digna,
942 3325 1275 3425 indigna,
1322 3326 1476 3422 pati
1495 3354 1516 3415 3
1572 3326 1702 3399 sed
1739 3326 2050 3399 flammis
2087 3326 2340 3400 cincta
2373 3327 2508 3400 sub
2545 3328 2776 3425 ipsam

620 3464 902 3537 Starem
928 3463 1185 3555 aciem,
1214 3464 1734 3561 traheremque
1758 3463 2061 3536 inimica
2087 3465 2164 3537 in
2187 3465 2442 3561 proelia
2456 3466 2804 3539 Teucros·

618 3600 665 3674 J
673 3614 1021 3673 uturnam
1063 3600 1350 3691 misere,
1396 3600 1656 3692 fateor,
1703 3626 2135 3703 succurrere
2171 3601 2384 3675 fratri

620 3738 846 3830 Suasi,
897 3750 974 3811 et
1006 3762 1139 3835 pro
1174 3738 1343 3819 vita,
1364 3736 1644 3835 majora
1677 3738 1949 3812 audere
1986 3739 2330 3835 probavi3

624 3876 929 3973 Non-ut
963 3876 1115 3947 tela
1149 3889 1423 3982 tamen,
1470 3900 1623 3947 non
1662 3888 1748 3948 ut
1785 3856 2280 3951 contenderet
2307 3850 2607 3953 arcum:

622 4012 908 4110 Adjuro
943 4012 1178 4111 Stygii
1220 4026 1444 4109 caput
1480 4013 1947 4111 implacabile
1982 4014 2233 4108 fontiS,

622 4151 800 4225 Una
832 4150 1255 4249 superstitio
1288 4152 1567 4248 superis
1601 4177 1762 4249 quae
1798 4152 2090 4225 reddita
2125 4153 2332 4227 divis.

625 4288 724 4361 Et
758 4312 963 4361 nunc
1002 4288 1189 4361 cedo
1226 4288 1591 4385 equidem,
1638 4316 2074 4387 pugnasque
2113 4317 2337 4366 exosa
2372 4292 2729 4391 relinquO.
