3234 5334
688 659 831 725 258
1540 643 1990 717 AENEIS.‘
2557 666 2626 713 v.
2665 646 2833 715 481.

691 846 1181 945 Vestigatque
1213 844 1479 934 virum,
1525 853 1603 916 et
1638 840 1954 939 disjecta
1982 863 2116 938 per
2149 838 2454 937 agmina
2485 862 2766 937 magna

692 986 900 1058 Voce
937 984 1176 1055 vocat.
1274 980 1591 1066 Quoties
1625 980 1878 1054 oculos
1915 976 2239 1075 conjecit
2273 978 2353 1050 in
2389 978 2699 1067 hostem,

691 1120 1239 1219 Alipedumque
1273 1117 1533 1216 fugam
1570 1141 1792 1190 cursu
1827 1116 2152 1190 tentavit
2187 1139 2564 1213 equorum,

692 1259 1007 1332 Aversos
1045 1255 1267 1330 toties
1304 1280 1563 1329 currus
1597 1255 1647 1327 J
1653 1264 1929 1328 uturna
1960 1253 2276 1327 retorsit.

699 1396 907 1470 Heu!
965 1394 1143 1492 quid
1180 1393 1402 1493 agat?
1453 1393 1662 1465 vario
1695 1391 2198 1490 nequidquam
2233 1393 2552 1465 fluctuat
2585 1401 2798 1467 aestu:

695 1533 1169 1631 Diversaeque
1204 1542 1482 1607 vocant
1516 1530 1850 1603 animum
1885 1529 1964 1602 in
2001 1529 2375 1603 contraria
2411 1554 2624 1604 curae.

701 1670 903 1744 Huic
941 1671 1349 1766 MessapuS,
1395 1668 1506 1741 uti
1543 1669 1726 1743 laeva
1760 1668 1910 1740 duo
1944 1667 2150 1766 forte
2175 1667 2485 1767 gerebat

702 1809 963 1901 Lenta,
1008 1808 1189 1881 levis
1226 1807 1468 1905 cursu,
1514 1808 1816 1905 praefixa
1847 1806 2144 1880 hastilia
2185 1805 2405 1897 ferro,
2437 1868 2444 1877 .

703 1948 992 2021 Horum
1028 1972 1265 2021 unum
1302 1955 1509 2019 certo
1546 1950 2048 2041 contorquens
2085 1944 2343 2043 dirigit
2379 1943 2557 2017 ictu.

700 2084 1045 2159 Substitit
1076 2085 1370 2175 AEneaS,
1415 2096 1493 2156 et
1526 2108 1605 2155 se
1645 2081 1951 2181 collegit
1985 2081 2076 2157 in·
2099 2106 2326 2173 arma,

698 2221 985 2319 Poplite
1020 2220 1445 2294 subsidens:
1504 2220 1793 2318 apicem
1831 2232 2084 2293 tamen
2123 2219 2358 2294 incita
2391 2244 2760 2295 summum

700 2360 941 2431 Hasta
962 2358 1168 2449 tulit,
1216 2382 1687 2455 summasque
1725 2357 2056 2430 excussit
2089 2357 2372 2430 vertice
2409 2358 2689 2431 cristas.

698 2494 894 2571 Tum
930 2522 1107 2571 vero
1142 2508 1543 2595 assurgunt
1576 2497 1738 2585 irae3
1799 2494 2228 2593 insidiisque
2263 2494 2635 2587 subactuS,

700 2635 1053 2709 Diversos
1090 2634 1217 2707 ubi
1254 2633 1484 2707 sensit
1520 2658 1746 2731 equos
1781 2656 2228 2729 currumque
2265 2631 2546 2724 referri,

706 2769 961 2845 Multa
989 2772 1038 2844 J
1042 2796 1257 2846 ovem
1292 2780 1370 2845 et
1402 2770 1551 2845 laesi
1586 2780 1900 2844 testatus
1937 2769 2231 2845 foederis
2269 2794 2450 2861 aram,

702 2910 751 2982 J
758 2934 877 2981 am
912 2909 1219 2982 tandem
1254 2908 1544 2982 invadit
1578 2909 1880 3000 mediOS,
1933 2922 2028 3000 et,
2077 2909 2330 2982 Marte
2365 2908 2696 2982 secundo

704 3046 1105 3137 Terribilis,
1150 3070 1417 3119 saevam
1449 3048 1658 3120 nullo
1693 3047 2122 3121 discrimine
2159 3046 2437 3121 caedem

706 3183 1048 3275 Suscitat‚
1096 3184 1519 3283 irarumque
1554 3208 1811 3281 omnes
1847 3183 2170 3258 effundit
2205 3184 2553 3258 habenas.

856 3321 1253 3407 Quis'mihi
1274 3346 1481 3395 nunc
1504 3333 1623 3395 tot
1647 3321 1916 3395 acerba
1929 3321 2132 3413 deus,
2147 3322 2309 3419 quis
2327 3322 2659 3396 carmine
2685 3322 2919 3396 caedes

710 3456 1083 3550 Diversas,
1128 3459 1564 3557 obitumque
1599 3459 1880 3533 ducum
1913 3484 2096 3557 quos
2141 3484 2433 3557 aequore
2469 3472 2630 3557 toto

711 3598 965 3694 Inque.
990 3597 1229 3671 vicem
1267 3623 1473 3673 nunc
1500 3598 1799 3671 Turnus
1836 3597 2017 3697 agit,
2063 3622 2272 3671 nunc
2297 3599 2560 3695 Troius
2593 3600 2829 3690 heros,

708 3730 1127 3833 Expediat?
1199 3736 1521 3808 Tanton’
1558 3734 1841 3833 placuit
1879 3760 2325 3810 concurrere
2362 3748 2595 3829 motu,

709 3871 756 3944 J
764 3872 1077 3971 uppiter,
1122 3883 1403 3947 aeterna
1436 3886 1704 3971 gentes
1741 3873 1818 3946 in
1857 3898 2040 3972 pace
2075 3872 2404 3948 futuras!
2440 3915 2444 3921 ·
2513 3928 2522 3939 .

706 4010 979 4084 AEneas
1020 4011 1384 4085 Rutulum
1420 4010 1826 4083 Sucronem
1867 4013 1995 4107 (ea
2028 4012 2268 4109 prima
2299 4025 2602 4093 ruentes
2701 4070 2706 4075 .

711 4146 990 4249 Pugna·
1016 4149 1184 4221 loco
1216 4147 1480 4220 statuit
1508 4138 1900 4244 Teucros),
1948 4150 2150 4225 haud
2185 4151 2424 4224 multa
2457 4164 2802 4244 moretm,

710 4282 1014 4381 Excipit
1053 4284 1131 4357 in
1170 4285 1383 4375 latuS‚
1432 4296 1529 4377 et,
1577 4292 1726 4382 qua
1757 4284 1916 4358 fata
1953 4287 2359 4377 celerrima,
2409 4288 2728 4361 crudum
