3234 5334
349 648 356 653 ·
458 624 730 691 v.5ll.
1186 613 1572 689 LIBER
1674 614 1892 689 VIII.
2483 622 2617 689 125

455 812 556 885 Et
587 810 849 911 generi
882 809 1042 885 fata
1073 810 1518 911 indulgent,-
1543 837 1765 910 quem
1802 809 2116 885 numina
2150 822 2491 908 poscunt,

457 948 888 1048 Ingredere,
921 974 968 1023 o
988 950 1362 1024 Teucrum
1389 961 1614 1047 atque
1639 950 1915 1023 Italum
1941 947 2338 1021 fortissime
2366 948 2652 1029 ductor.

460 1086 688 1161 Hunc
723 1086 862 1161 tibi
895 1099 1271 1186 praeterea,
1319 1112 1482 1185 spes
1521 1098 1600 1161 et
1634 1086 1899 1163 solatia
1932 1086 2189 1177 nostri,

459 1225 798 1298 Pallanta
829 1223 1257 1323 adjungam.
1369 1225 1516 1299 Sub
1550 1236 1629 1297 te
1664 1210 1983 1298 tolerare
2020 1224 2377 1322 magistro

459 1362 812 1437 Militiam
849 1374 926 1438 et
961 1332 1189 1462 grave
1227 1361 1497 1435 Martis
1534 1386 1739 1459 opuS,
1787 1372 1918 1434 tua
1954 1385 2262 1434 cernere
2292 1360 2519 1452 facta,

456 1502 873 1593 Assuescat,
918 1501 1170 1600 primis
1211 1514 1286 1575 et
1321 1514 1398 1575 te
1436 1501 1751 1574 miretur
1786 1499 1879 1573 ab
1917 1499 2154 1573 annis.

456 1640 788 1713 Arcadas
821 1640 998 1714 huic
1035 1639 1320 1739 equites
1357 1638 1469 1711 bis
1509 1650 1840 1728 centum,
1862 1688 1868 1696 -
1889 1637 2156 1719 robora
2189 1638 2402 1735 pubis

402 1856 408 1861 ⁵
459 1776 712 1867 Lecta,
756 1777 987 1867 dab03
1037 1777 1512 1874 ‘totidemque
1549 1800 1685 1849 suo
1720 1775 1859 1847 tibi
1893 1775 2197 1849 nomine
2236 1775 2492 1849 Pallas.

489 1924 494 1927 ’
609 1914 761 1986 Vix
799 1938 888 1987 ea
918 1912 1116 1989 fatus
1155 1924 1334 2005 erat,
1383 1912 1757 2010 defixique
1794 1936 1923 1984 ora
1957 1912 2322 1993 tenebant

457 2052 728 2125 AEneas
761 2051 1252 2125 Anchisiades
1289 2063 1369 2124 et
1402 2025 1592 2123 fidus¹
1628 2051 1978 2141 Achates,

462 2160 856 2285 Multaque
890 2189 1080 2262 dura
1115 2213 1250 2261 suo
1282 2188 1479 2261 tristi
1516 2213 1691 2262 cum
1726 2188 1950 2262 corde
1986 2186 2397 2285 putabant;

462 2326 570 2399 Ni
603 2326 904 2425 signum
942 2328 1127 2400 coelo
1159 2326 1536 2423 Cytherea
1569 2325 1896 2399 dedisset
1929 2338 2205 2423 aperto.

461 2464 810 2560 Namque
846 2463 1240 2562 improviso
1273 2463 1604 2537 vibratus
1647 2462 1740 2536 ab
1776 2464 2049 2537 aethere
2083 2462 2336 2561 fulgor
2428 2527 2434 2533 .

463 2600 657 2675 Cum
693 2602 942 2676 sonitu
975 2601 1204 2693 venit,
1255 2606 1332 2674 e't
1365 2626 1580 2675 ruere
1613 2599 1868 2690 omnia‘
1900 2601 2059 2674 visa
2092 2614 2422 2699 repente,

458 2741 1034 2838 Tyrrhenusque
1065 2739 1264 2813 tubae
1295 2739 1588 2838 mugire
1622 2763 1757 2837 per
1788 2740 2065 2814 aethcra
2101 2739 2447 2838 clangor„

463 2876 924 2977 Suspiciunt:
983 2878 1255 2951 iterum
1284 2890 1514 2976 etque
1550 2878 1822 2950 iterum
1858 2876 2113 2975 fragor
2146 2877 2485 2977 increpat
2520 2879 2629 2954 in·-

477 3014 488 3027 ’
608 3030 816 3115 g'enS.

464 3152 927 3235 Armainter
962 3153 1262 3243 nubem,
1311 3152 1474 3225 coeli
1510 3152 1589 3224 in
1629 3151 1937 3251 regione
1968 3177 2249 3245 serena,

465 3290 606 3363 Per
639 3280 908 3364 sudum
942 3291 1248 3363 rutilare
1285 3288 1570 3380 vident,
1613 3303 1691 3362 et
1725 3289 1937 3387 pulsa
1968 3300 2251 3363 tonare.

464 3428 936 3526 Obstupuere
973 3428 1238 3501 animis
1276 3426 1439 3516 alii3
1495 3426 1627 3500 sed
1662 3426 1921 3501 Troius
1956 3427 2185 3507 heros·

464 3564 799 3664 Agnovit
833 3566 1182 3655 sonitum,
1232 3576 1308 3639 et
1343 3564 1530 3639 divae
1562 3564 1918 3662 promissa
1954 3564 2301 3663 parentis

464 3687 659 3776 Tum
691 3715 1091 3777 memorat:
1147 3703 1273 3776 Ne
1308 3726 1504 3793 vero,
1554 3703 1836 3800 hospes,
1883 3726 1981 3776 ne
2016 3728 2261 3799 quaere
2294 3703 2629 3802 profecto

469 3841 717 3926 Quem
754 3866 1006 3915 casum
1044 3852 1394 3940 portenta
1423 3840 1710 3915 ferant:
1770 3865 1910 3939 ego
1944 3866 2209 3940 poscor
2240 3843 2557 3940 olympo,

469 3980 638 4051 Hoc
677 3978 976 4078 signum
1013 3978 1292 4051 cecinit
1324 3978 1712 4051 missuram
1748 3977 1921 4053 diva
1958 3979 2302 4081 creatrix,

467 4118 542 4189 Si
577 4116 852 4191 bellum
890 4088 1294 4216 ingrueret,
1336 4116 1853 4213 Vulcaniaque
1892 4141 2097 4189 arma
2131 4142 2263 4215 per
2296 4142 2509 4209 auras

468 4250 828 4339 Laturam
878 4254 1178 4329 auxilio·
