3234 5334
654 648 797 715 203
1014 731 1025 736 ,
1320 579 1331 585 ’
1512 637 1946 711 AENEIS.
2529 635 2802 721 v.126.

653 838 817 910 Nos
852 861 1027 911 vero
1052 834 1571 933 'haec'patriam
1607 834 1805 933 grati
1839 832 2385 907 referemus-ad
2419 833 2700 924 urbem,

652 976 752 1049 Et
784 987 881 1065 te,
929 973 989 1047 si
1022 998 1169 1070 qua
1202 973 1401 1048 viam
1436 972 1728 1046 dederit
1759 971 2087 1061 fortuna,
2137 970 2408 1043 Latino

564 1159 568 1163 -
650 1112 699 1185 J
706 1090 1073 1210 ungemus
1109 1111 1307 1210 regi:
1366 1122 1643 1209 quaerat
1677 1109 1815 1183 sibi
1850 1106 2131 1183 foedera
2155 1109 2474 1182 Turnus.

657 1249 863 1333 Quin
901 1261 979 1322 et
1011 1247 1275 1321 fatales
1309 1254 1694 1321 murorum
1731 1248 2072 1321 attollere
2107 1247 2358 1338 moles,

654 1388 993 1483 Saxaque
1038 1386 1475 1460 subvectare
1512 1385 1838 1459 humeris
1865 1384 2210 1483 Trojana‚
2260 1383 2576 1482 juvabit.

653 1523 979 1597 Dixerat
1010 1525 1167 1596 haec
1186 1551 1207 1613 ;
1264 1548 1561 1621 unoque
1596 1547 1854 1596 omnes
1891 1523 2152 1596 eadem
2189 1547 2315 1595 ore
2349 1520 2794 1597 fremebant.

656 1661 778 1735 Bis
824 1684 1037 1734 senos
1074 1661 1423 1760 pepigere
1460 1661 1654 1773 dies3
1715 1673 1793 1733 et
1824 1685 2009 1758 pace
2047 1674 2426 1757 sequestra

653 1798 799 1871 Per
830 1800 1069 1897 sylvas
1096 1798 1388 1889 Teucri,
1434 1798 1803 1895 mixtique
1839 1798 2142 1896 impune
2181 1797 2452 1890 Latini,

656 1936 1015 2009 Erravere
1039 1934 1279 2033 jugis:
1338 1934 1535 2009 ferro
1570 1946 1787 2008 sonat
1821 1934 1974 2009 icta
2007 1935 2318 2033 bipenni

657 2072 1019 2146 Fraxinus
1038 2101 1059 2162 ;
1119 2085 1469 2153 evertunt
1504 2084 1709 2146 actas
1745 2072 1839 2145 ad
1874 2072 2116 2145 sidera
2149 2074 2406 2171 pinus3

656 2210 951 2285 Robora
984 2234 1127 2284 nec
1164 2210 1419 2284 cuneis
1459 2222 1536 2283 et
1570 2212 1898 2284 olentem
1935 2210 2274 2283 scindere
2311 2210 2641 2303 cedrum,

656 2348 828 2422 Nec
866 2348 1207 2449 plaustris
1245 2359 1538 2421 cessant
1571 2361 1872 2421 vectare
1907 2347 2380 2446 gementibus
2419 2372 2660 2423 ornos.

803 2486 902 2560 Et
923 2484 1083 2583 jam
1118 2485 1319 2559 fama
1352 2487 1628 2576 volans,
1677 2485 1872 2563 tanti
1905 2486 2324 2583 praenuntia
2351 2480 2624 2578 luctus,

657 2623 1091 2697 Evandrum
1126 2623 1603 2721 Evandrique
1639 2623 1892 2697 domos
1931 2637 2008 2697 et
2043 2624 2316 2697 moenia
2351 2624 2713 2722 complet;

656 2762 847 2847 Quae
880 2762 1101 2835 modo
1134 2763 1495 2837 victorem
1532 2761 1748 2834 Latio
1786 2762 2128 2835 Pallanta
2159 2760 2470 2835 ferebat.

657 2899 987 2972 Arcades
1025 2898 1119 2971 ad
1153 2912 1400 2996 portas
1435 2923 1672 2989 ruere,
1721 2912 1798 2972 et
1831 2898 1926 2972 de
1961 2924 2165 2972 more
2201 2910 2496 2973 vetusto

658 3036 716 3110 F
717 3060 1029 3110 unereas
1064 3060 1374 3134 rapuere
1408 3035 1649 3143 faces:
1708 3037 1913 3109 lucet
1945 3037 2066 3108 via
2100 3038 2330 3135 longo

655 3174 943 3247 Ordine
980 3176 1463 3264 flammarum,
1511 3185 1587 3247 et
1622 3175 1773 3247 late
1809 3173 2271 3251 discriminat
2307 3198 2542 3273 agros,

660 3311 946 3386 Contra
981 3313 1201 3386 turba
1233 3300 1617 3410 Phrygum
1653 3312 1962 3386 veniens
1995 3312 2433 3410 plangentia
2455 3310 2798 3411 jungunt

654 3450 1005 3548 Agmina.
1098 3450 1287 3534 Quae
1319 3461 1708 3549 postquam
1743 3461 2014 3523 matres
2049 3448 2450 3523 succedere
2486 3450 2706 3523 tectis

656 3586 1053 3678 Viderunt,
1100 3574 1427 3661 maistam
1466 3587 1889 3661 incendunt
1926 3584 2373 3661 clamoribus
2407 3587 2686 3662 urbem.

653 3726 761 3797 At
792 3748 945 3797 non
984 3724 1415 3797 Evandrum
1450 3724 1643 3821 potis
1681 3736 1792 3796 est
1829 3724 1938 3798 vis
1977 3725 2127 3797 ulla
2161 3736 2458 3815 tenere3

655 3861 798 3934 Sed
835 3861 1044 3935 venit
1082 3860 1159 3933 in
1196 3861 1475 3934 medios
1495 3889 1514 3950 ;
1571 3860 1851 3935 feretro
1886 3862 2230 3935 Pallanta
2265 3873 2558 3960 reposto

657 3990 1063 4072 Procubuit
1097 4023 1335 4095 super,
1378 4008 1602 4094 atque
1637 3999 1867 4072 haeret
1901 4000 2468 4097 lacrymansque
2495 4025 2840 4099 gemens·

812 4159 993 4230 qUC3

656 4268 754 4342 Et
786 4270 908 4343 via
940 4272 1069 4345 vix
1103 4270 1410 4345 tandem
1444 4260 1611 4345 roci
1647 4273 1901 4345 laxata
1936 4272 2188 4347 dolore
2234 4286 2380 4347 est:
