3234 5334
724 648 825 731 σε
1347 640 1351 647 ·
1588 645 2019 723 AENEIS.
2343 625 2348 632 '
2602 672 2672 726 v.
2709 654 2878 735 795.

732 844 970 917 Extra
1004 842 1184 917 anni
1218 844 1532 943 solisque
1568 846 1744 937 vias,
1793 846 1924 920 ubi
1955 843 2238 920 coelifer
2271 845 2480 919 Atlas

731 982 977 1055 Axem
1014 982 1325 1057 humero
1358 994 1659 1081 torquet
1695 984 1923 1059 stellis
1959 982 2392 1059 ardentibus
2429 992 2703 1080 aptum.

734 1117 975 1216 Hujus
1014 1119 1093 1193 in
1128 1119 1536 1194 adventum
1557 1116 1719 1218 jam
1753 1146 1962 1197 nunc
1999 1132 2076 1193 et
2111 1120 2383 1217 Caspia
2415 1144 2652 1219 regna

734 1256 1129 1355 Responsis
1164 1257 1473 1331 horrent
1506 1257 1783 1349 divstm,
1833 1268 1910 1330 et
1947 1256 2252 1331 Maeotia
2283 1257 2526 1348 telluS‚

733 1394 831 1468 Et
862 1394 1432 1494 septemgemini
1468 1394 1781 1468 turbant
1815 1396 2108 1492 trepida
2139 1394 2331 1467 ostia
2359 1393 2548 1467 Nili.

736 1503 814 1604 N
818 1556 907 1604 ec
945 1556 1117 1605 vero
1146 1531 1446 1606 Alcides
1482 1542 1784 1605 tantum
1819 1532 2104 1627 telluris
2139 1530 2396 1623 obivit,

664 1659 673 1672 “
736 1668 1018 1742 Fixerit
1050 1668 1440 1767 aeripedem
1478 1693 1775 1743 cervam
1810 1668 2010 1759 licet,
2059 1680 2189 1743 aut
2223 1668 2668 1765 Erymanthi

736 1806 1031 1879 Pacarit
1064 1830 1392 1896 nemora,
1437 1818 1518 1879 et
1555 1804 1878 1881 Lernam
1914 1804 2419 1879 tremefecerit
2454 1830 2672 1879 arcu:

738 1944 816 2016 N
821 1968 929 2035 ec,
976 1942 1102 2040 qui
1137 1942 1547 2041 pampineis
1582 1938 1826 2017 victor
1850 1940 2040 2041 juga
2073 1943 2312 2018 flectit
2347 1942 2678 2034 habeniS,

738 2079 979 2171 Liber,
1028 2104 1259 2177 agens
1298 2081 1495 2153 celso
1531 2080 1758 2178 Nysae
1795 2080 1890 2152 de
1925 2079 2207 2153 vertice
2241 2080 2494 2177 tigres.
2580 2159 2590 2167 ‚

738 2216 837 2290 Et
871 2215 1295 2289 dubitamus
1332 2217 1577 2291 adhuc
1614 2218 1972 2291 virtutem
2007 2216 2419 2291 extendere
2454 2216 2718 2291 factis?

666 2374 671 2381 ·
737 2353 895 2426 Aut
929 2365 1171 2427 metus
1207 2354 1542 2427 Ausonia
1573 2353 1919 2452 prohibet
1957 2354 2360 2427 consistere
2396 2353 2640 2427 terra?

740 2490 930 2577 Quis
965 2492 1225 2589 procul
1260 2492 1384 2565 ille
1416 2503 1672 2593 autem
1709 2490 1929 2564 ramis
1967 2490 2280 2590 insignis
2317 2491 2547 2583 olivae,

736 2630 959 2701 Sacra
990 2629 1283 2703 ferens?
1334 2655 1565 2704 nosco
1598 2630 1846 2705 crines
1883 2629 2303 2726 incanaque
2335 2639 2598 2703 menta

742 2766 970 2866 Regis
1006 2766 1347 2859 Romani,
1392 2768 1672 2865 primus
1707 2767 1837 2865 qui
1874 2767 2164 2867 legibus
2200 2767 2480 2849 urbem

741 2903 797 2975 F
799 2903 1135 2996 undabit,
1180 2903 1782 3003 Curibus‘parvis
1821 2916 1898 2978 et
1931 2929 2257 3003 paupere·
2288 2917 2526 2978 terra-

741 3041 1021 3135 Missus·
1050 3041 1128 3114 in
1164 3042 1557 3141 imperium
1590 3067 1991 3141 magnum:
2053 3042 2175 3115 cui
2211 3040 2485 3115 deinde
2531 3040 2810 3115 subibit

742 3178 921 3252 Otia
954 3180 1080 3277 qui
1113 3192 1411 3279 rumpet
1444 3180 1701 3279 patriae
1737 3180 2158 3277 residesque
2193 3179 2524 3254 movebit

738 3316 997 3390 Tullus
1032 3316 1111 3391 in
1145 3342 1355 3391 arma
1388 3317 1605 3409 virm,
1655 3329 1732 3391 et
1755 3316 1916 3414 jam
1949 3318 2259 3390 desueta
2292 3316 2687 3415 triumphis

739 3453 1105 3552 Agmina:
1162 3480 1383 3551 quem
1406 3453 1636 3553 juxta
1671 3454 2005 3552 sequitur
2025 3452 2440 3551 jactantior
2473 3455 2754 3547 AncuS,

742 3590 977 3663 Nunc
1000 3615 1291 3688 quoque
1308 3590 1467 3689 jam
1498 3592 1818 3665 nimium
1840 3591 2176 3690 gaudens
2205 3590 2682 3690 popularibus
2713 3592 2934 3692 auris·

740 3726 874 3837 Vis
912 3738 989 3801 et
1020 3728 1463 3825 Tarquinios
1495 3754 1733 3828 regeS,
1781 3728 2254 3826 animamque
2291 3729 2684 3827 superbam

738 3864 1023 3939 Ultoris
1059 3865 1292 3956 Bruti,
1340 3864 1725 3963 fascesque
1759 3866 2014 3942 videre
2047 3868 2430 3964 receptos?

744 4002 1089 4080 Consulis
1126 4002 1519 4101 imperium
1551 4003 1678 4078 ‚hic
1714 4003 1991 4102 primus
2025 4028 2396 4101 saevasque
2430 4029 2726 4079 secures

740 4140 1087 4237 Accipiet
1104 4168 1123 4231 ;
1182 4152 1545 4239 natosque
1582 4154 1814 4239 pater,
1861 4166 2057 4217 nova
2091 4142 2287 4228 bella
2319 4148 2728 4235 moventes»,

740 4277 861 4349 Ad
896 4304 1189 4376 poenam
1224 4280 1539 4379 pulchra
1570 4304 1704 4379 pro
1737 4279 2084 4355 libertate
2119 4280 2439 4355 vocabit.
