3234 5334
402 672 464 719 v.
502 645 669 719 64.
1196 647 1562 723 LIBER
1657 648 1794 723 VI.
2461 648 2552 723 61

400 842 649 928 Quam
674 866 992 942 poenam,
1030 855 1161 918 aut
1185 844 1613 943 quae·forma
1638 846 1834 920 viros
1859 845 2258 921 fortunave
2292 844 2566 921 mersit.

392 982 668 1057 Saxum
702 983 782 1056 in
786 1007 971 1083 gens
1007 984 1319 1058 volvunt
1354 984 1500 1075 alii,
1544 983 1862 1058 radiisve
1897 994 2239 1059 rotarum

394 1119 743 1195 Districti
775 1122 1147 1220 pendent:
1204 1120 1437 1213 sedet,
1483 1134 1994 1219 aeternumque
2029 1121 2340 1215 sedebit,

392 1257 676 1333 Infelix
712 1261 1077 1335 Theseus:
1136 1260 1650 1360 Phlegyasque
1691 1258 2142 1335 miserrimus
2177 1284 2434 1335 omnes

391 1396 797 1489 Admonet,
844 1410 921 1471 et
952 1423 1231 1497 magna
1265 1410 1585 1473 testatur
1623 1422 1804 1473 voce
1839 1422 1974 1498 per
2007 1396 2344 1475 umbras:

405 1540 453 1573 “
488 1535 787 1608 Discite
810 1534 1179 1633 justitiam
1216 1537 1504 1629 moniti,
1551 1548 1630 1609 et
1663 1561 1818 1611 non
1855 1548 2192 1609 temnere
2227 1536 2455 1613 divos.
2468 1538 2510 1567 ’³

390 1671 759 1747 Vendidit
793 1674 917 1747 hic
952 1700 1135 1747 auro
1167 1673 1505 1773 patriam,
1552 1674 2087 1771 dominumque
2123 1685 2508 1770 potentem

391 1810 757 1909 Imposuit
774 1839 795 1903 3
852 1812 1019 1885 fixit
1054 1814 1256 1912 leges
1290 1812 1548 1912 pretio,
1598 1824 1822 1909 atque
1857 1810 2124 1885 refixit.

391 1948 538 2023 Hic
572 1950 991 2024 thalamum
1028 1950 1299 2024 invasit
1332 1963 1545 2042 natae,
1592 1950 2012 2046 vetitosque
2046 1951 2488 2047 hymenaeos.

391 2087 574 2162 Ausi
610 2076 871 2163 omnes
906 2089 1231 2163 immane
1266 2089 1499 2181 nefaS,
1548 2114 1874 2187 ausoque
1910 2086 2150 2187 potiti.

390 2224 592 2317 Non,
636 2225 823 2299 mihi
856 2228 919 2299 si
953 2227 1229 2326 linguae
1264 2239 1571 2301 centum
1606 2228 1780 2319 sint,
1825 2250 2102 2325 oraque
2139 2237 2470 2319 centum,

390 2362 657 2437 Ferrea
691 2389 861 2456 voit,
908 2390 1163 2439 omnes
1197 2366 1563 2439 scelerum
1600 2365 2137 2463 comprendere
2169 2364 2466 2455 formas,

391 2500 668 2575 Omnia
698 2528 1085 2600 poenarum
1118 2528 1553 2601 percurrere
1586 2503 1917 2593 nomina,
1963 2498 2256 2600 possim.

535 2639 718 2713 Haec
756 2640 885 2713 ubi
920 2641 1127 2714 dicta
1160 2641 1371 2715 dedit
1404 2640 1662 2715 Phoebi
1696 2642 2038 2740 longaeva
2067 2640 2450 2715 sacerdos:

388 2776 525 2849 Sed
543 2776 709 2874 jam
736 2802 899 2876 age,
929 2804 1149 2877 carpe
1170 2778 1391 2869 viam,
1419 2791 1495 2854 et
1520 2790 1948 2877 susceptum
1977 2779 2248 2878 perfice
2273 2804 2581 2855 munus:

385 2914 933 3007 Acceleremu8‚
982 2918 1107 2990 ait.
1206 2916 1622 3015 Cyclopum
1661 2917 1936 2991 educta
1971 2916 2284 2991 caminis

388 3052 677 3127 Moenia
713 3054 1111 3153 conspicit),
1160 3068 1385 3152 atque
1422 3055 1734 3129 adverso
1766 3052 2054 3129 fornice
2089 3067 2360 3153 portas,

384 3190 561 3265 Haec
600 3191 732 3264 ubi
764 3216 901 3265 nos
934 3206 1303 3291 praecepta
1322 3188 1601 3291 jubent
1634 3192 2008 3292 deponere
2043 3192 2264 3267 dona.

382 3328 747 3419 Dixerat3
808 3342 884 3403 et
914 3330 1218 3429 pariter,
1266 3330 1501 3429 gressi
1534 3357 1668 3430 per
1699 3356 1936 3431 opaca
1967 3332 2278 3423 viarum,

386 3466 825 3566 Corripiunt
852 3470 1175 3567 spatium
1202 3468 1555 3561 medium,
1589 3468 2016 3567 foribusque
2043 3470 2567 3571 propinquant.

383 3604 731 3703 Occupat
762 3606 1035 3683 AEneas
1072 3606 1379 3698 aditum,
1430 3632 1841 3706 corpusque
1877 3609 2168 3684 recenti

382 3743 677 3843 Spargit
718 3768 929 3842 aqua,
976 3770 1411 3842 ramumque
1448 3746 1758 3821 adverso
1791 3745 1870 3819 in
1903 3746 2164 3822 limine
2197 3748 2382 3847 figit.

526 3883 666 3955 His
702 3883 1007 3957 demum
1040 3884 1351 3975 exacti&
1398 3883 1738 3982 perfecto
1769 3910 2082 3961 munere
2117 3884 2322 3977 divae,

383 4019 780 4095 Devenere
816 4022 1015 4095 locos
1050 4022 1275 4114 laetos,
1326 4036 1402 4097 et
1436 4048 1726 4097 amoena
1757 4023 1998 4099 vireta

384 4157 961 4234 Fortunatorum
994 4184 1407 4252 nemorum,
1454 4161 1811 4259 sedesque
1845 4160 2120 4236 beatas.

386 4296 695 4405 Largior
727 4300 849 4373 hic
886 4322 1183 4398 campos
1229 4300 1462 4376 aether
1496 4314 1573 4397 et
1606 4299 1890 4375 lumine
1925 4300 2148 4375 vestit
