3234 5334
488 692 760 766 v.611.
1231 665 1622 770 LleER
1717 675 1972 770 ΧΠ·
2087 788 2092 792 .
2503 699 2646 772 263

498 891 925 988 [Multaque
962 916 1039 964 se
1074 891 1389 985 incusat,
1436 894 1562 991 qui
1598 919 1753 967 non
1793 894 2168 993 acceperit
2203 907 2380 968 ante

488 1027 957 1102 Dardanium
986 1031 1296 1122 AEnean,
1342 1001 1855 1130 generumque
1893 1031 2290 1105 adsciverit
2327 1033 2584 1126 ultra]

637 1167 939 1240 Interea
974 1183 1311 1242 extremo
1345 1168 1660 1242 bellator
1693 1169 1770 1242 in
1809 1193 2098 1268 aequore
2125 1170 2428 1242 Turnus

488 1302 834 1377 Palantes
870 1307 1204 1402 sequitur
1238 1330 1534 1403 paucos,
1583 1305 1744 1404 jam
1779 1306 2098 1406 segnior,
2149 1307 2396 1403 atque
2469 1305 2476 1311 ’

482 1440 532 1514 J
538 1466 657 1513 am
694 1442 937 1518 minus
972 1457 1196 1541 atque
1230 1445 1477 1516 minus
1514 1469 1860 1517 successu
1895 1444 2103 1518 laetus
2140 1469 2520 1541 equorum.

482 1580 765 1653 Attulit
798 1581 1003 1654 hunc
1042 1581 1146 1654 illi
1183 1581 1393 1654 caecis
1429 1581 1832 1654 terroribus
1877 1605 2058 1654 aura

488 1718 1001 1791 Commixtum
1039 1719 1458 1809 clamorem,
1507 1733 1977 1816 arrectasque
2011 1717 2306 1815 impulit
2341 1741 2554 1790 aures

485 1854 833 1928 Confusae
868 1880 1091 1928 sonus
1126 1855 1349 1946 urbiS,
1398 1867 1475 1928 et
1511 1856 1882 1930 illaetabile
1917 1879 2272 1928 murmur.

485 1992 632 2066 Hei
668 1994 887 2066 mihi!
946 1993 1125 2090 quid
1160 2005 1375 2066 tanto
1408 1993 1812 2067 turbantur
1832 1961 2128 2067 ’moenia'
2148 1993 2406 2067 luctu?

485 2130 768 2215 Quisve
804 2132 955 2204 ruit
991 2143 1245 2204 tantus
1282 2132 1572 2206 diversa
1606 2133 1888 2205 clamor
1921 2131 2013 2204 ab
2049 2129 2278 2204 urbe?

481 2268 599 2341 Sic
636 2269 761 2359 ait,
810 2269 1298 2366 adductisque
1336 2294 1592 2342 amens
1627 2267 1960 2341 subsistit
1995 2267 2324 2343 habenis,

479 2403 729 2502 A'tque
765 2407 963 2496 huic,
1012 2407 1089 2480 in
1124 2379 1397 2481 faciem
1434 2431 1641 2480 soror
1675 2418 1760 2479 ut
1795 2430 2153 2480 conversa
2187 2406 2494 2480 Metisci

475 2543 779 2642 Aurigae
815 2569 1263 2641 currumque
1300 2558 1376 2618 et
1412 2568 1636 2641 equos
1674 2555 1750 2616 et
1785 2544 1944 2616 lora
1976 2543 2306 2641 regebat,

477 2681 779 2754 Talibus
817 2681 1146 2755 occurrit
1182 2681 1440 2755 dictis:
1500 2682 1690 2772 Hac,
1730 2682 2004 2772 Turne,
2051 2705 2446 2777 sequamur

475 2818 957 2918 Trojugenas,
1005 2846 1152 2917 qua
1182 2820 1423 2918 prima
1456 2819 1656 2892 viam
1694 2818 2008 2892 victoria
2042 2819 2345 2917 pandit3

477 2956 664 3030 Sunt
703 2957 829 3028 alii
864 2957 990 3053 qui
1026 2969 1233 3031 tecta
1265 2983 1496 3030 manu
1530 2955 1937 3029 defendere
1971 2956 2276 3055 possint.

386 3171 391 3176 ,
478 3094 780 3193 Ingruit
812 3096 1083 3169 AEneas
1121 3095 1349 3185 Italis,
1399 3107 1476 3167 et
1511 3093 1767 3192 proelia
1800 3094 2100 3166 miscet:

432 3289 439 3292 -
478 3233 577 3307 Et
610 3259 747 3307 nos
782 3259 969 3308 saeva
1005 3259 1235 3308 manu
1268 3234 1653 3306 mittamus
1688 3231 1959 3305 funera
1983 3231 2312 3304 Teucris,

477 3371 648 3446 Nec
684 3395 997 3444 numero
1034 3368 1363 3462 inferior,
1409 3377 1866 3468 pugnoe'nec
1903 3369 2206 3460 honore,
2255 3370 2579 3444 recedes,

473 3509 773 3581 Turnus
810 3509 905 3580 ad
941 3509 1134 3582 haec:

476 3645 547 3718 O
582 3669 804 3735 soror,
846 3648 931 3719 'et
965 3645 1249 3724 dudum
1286 3645 1581 3745 agnovi,
1630 3670 1858 3742 quum
1896 3643 2135 3743 prima
2168 3669 2300 3743 per
2334 3656 2571 3718 artem

476 3782 779 3860 Foedera
813 3783 1150 3875 turbasti,
1197 3795 1421 3880 teque
1456 3784 1613 3856 haec
1651 3782 1728 3854 in
1765 3781 1962 3855 bella
1995 3781 2302 3854 dedisti:

472 3919 572 3993 Et
606 3944 815 3993 nunc
854 3920 1354 4018 nequidquam
1389 3919 1603 4011 fallis,
1639 3920 1812 3994 dea.
1922 3920 2064 3993 Sed
2101 3919 2264 4016 quis
2300 3919 2598 4017 olympo

474 4055 891 4130 Demissam
930 4068 1177 4138 tantos
1212 4058 1450 4132 voluit
1483 4068 1559 4130 te
1594 4056 1791 4130 ferre
1829 4057 2160 4130 labores?
2285 4059 2292 4066 ’

471 4193 595 4266 An
631 4193 879 4268 fratris
916 4195 1163 4269 miseri
1200 4196 1433 4269 letum
1470 4208 1555 4269 ut
1591 4194 1895 4269 crudele
1929 4195 2262 4268 videres?

474 4332 679 4418 Nam
704 4333 881 4430 quid
908 4333 1093 4431 ago?
1132 4346 1260 4408 aut
1285 4359 1445 4431 quae
1459 4332 1618 4433 jam
1649 4333 1966 4433 spondet
1986 4331 2292 4406 fortuna
2319 4331 2684 4408 salutem?
