3234 5334
650 677 785 751 164
1494 639 1931 751 AENEIS.
2035 678 2042 683 ’
2518 699 2588 747 v.
2625 678 2786 769 742.

643 873 1001 946 Dixerat:
1059 873 1183 945 ille
1216 872 1480 947 rudem
1514 866 1730 948 nedis
1769 884 1846 947 et
1881 872 2160 947 cortice
2198 870 2428 944 crudo

642 1012 1038 1110 Intorquet
1072 1012 1375 1085 summis
1412 1011 1737 1085 adnixus
1773 1009 2051 1089 viribus
2088 1010 2400 1083 hastam.

640 1148 1028 1247 Excepere
1066 1175 1261 1223 aurae
1296 1151 1566 1223 vulnus
1586 1167 1629 1240 3·
1665 1148 2012 1223 Saturnia
2045 1148 2094 1222 J
2099 1173 2252 1221 uno

639 1284 979 1359 Detorsit
1014 1272 1358 1378 venientu
1416 1300 1791 1385 portaeque
1828 1286 2168 1385 infigitur
2199 1287 2433 1359 hasta.

639 1418 743 1496 At
779 1448 932 1496 non
968 1425 1112 1497 hoe
1148 1402 1414 1516 telumJ
1446 1400 1617 1497 mea
1653 1423 1852 1521 qu'od
1887 1424 1962 1497 vi
1997 1423 2312 1497 dextera
2343 1433 2608 1513 versat,
2628 1426 2636 1432 ”

637 1559 972 1659 Effugies
990 1589 1010 1651 3
1069 1585 1313 1657 neque
1348 1562 1549 1634 enim
1585 1560 1646 1633 is
1681 1561 1814 1634 teli
1849 1584 1994 1635 nec
2029 1560 2354 1634 vulneris
2391 1562 2672 1633 auctor.
2785 1564 2794 1577 “

639 1697 757 1772 Sic
794 1699 919 1789 ait,
969 1710 1045 1772 et
1079 1698 1452 1772 sublatum
1490 1699 1642 1772 alte
1679 1697 2066 1796 consurgit
2101 1698 2180 1771 in
2217 1700 2523 1788 ensem,'

638 1836 736 1909 Et
770 1835 1092 1909 mediam
1128 1835 1328 1909 ferro
1363 1836 1666 1934 gemina
1702 1835 1902 1909 inter
1933 1846 2272 1934 tempora
2302 1833 2658 1909 frontem'

638 1972 935 2046 Dividit
968 1972 1450 2070 impubesque
1487 1972 1796 2045 immani
1831 1973 2142 2046 vulnere
2179 1971 2430 2046 malas,

637 2108 757 2181 Fit
790 2108 1011 2182 sonus
1031 2137 1050 2200 3
1111 2111 1405 2208 ingenti
1442 2134 1806 2185 concussa
1841 2122 1954 2183 est
1987 2109 2318 2207 pondere
2353 2094 2613 2182 tellus':
2651 2113 2658 2125 ’

529 2272 541 2285 ’
639 2245 1019 2345 Collapsos
1056 2260 1257 2321 artus
1293 2259 1517 2345 atque
1559 2273 1768 2323 arma
1802 2254 2132 2322 cruenta
2153 2246 2461 2321 cerebro

636 2384 917 2457 Sternit
950 2385 1158 2459 humi
1192 2386 1513 2459 moriens
1532 2414 1552 2476 ;
1614 2397 1836 2485 atque
1875 2386 1979 2458 illi
2015 2385 2350 2483 partibus
2387 2382 2610 2481 aequis

638 2522 811 2595 Huc
851 2535 1079 2621 caput
1113 2534 1337 2621 atque
1358 2524 1549 2597 'illue
1584 2525 1898 2597 humero
1933 2548 2030 2597 ex
2066 2536 2386 2620 utroque
2414 2519 2792 2620 pependit.

787 2659 1225 2758 Diffugiunt
1260 2662 1448 2736 versi
1486 2662 1780 2759 trepida
1811 2660 2214 2735 formidine
2246 2662 2512 2733 Troes:

635 2794 755 2887 Et,
804 2796 863 2868 si
902 2798 1265 2872 continuo
1299 2798 1664 2873 victorem
1701 2824 1790 2873 ea
1825 2823 2008 2873 cura
2043 2799 2360 2873 subisset

636 2932 1011 3032 Rumpere
1050 2936 1373 3009 claustra
1406 2962 1658 3029 manu,
1700 2937 2084 3035 sociosque
2114 2937 2520 3011 immittere
2546 2934 2798 3033 porti8‚

634 3068 964 3145 Ultimus
999 3071 1124 3146 ille
1160 3073 1315 3147 dies
1352 3074 1547 3148 bello
1583 3075 1944 3174 gentique
1976 3074 2280 3165 fuisset3

634 3207 778 3281 Sed
810 3208 1021 3283 furor
1062 3212 1451 3287 ardentem
1490 3212 1854 3309 caedisque
1882 3212 2154 3288 'insana
2187 3212 2460 3311 cupido

635 3333 817 3445 Egit
854 3346 931 3421 in
972 3348 1334 3422 adversos,

636 3482 1013 3581 Principio
1048 3482 1421 3562 Phalerim
1456 3499 1532 3561 et
1567 3489 1857 3572 succiso
1893 3480 2172 3588 poplit'e
2205 3490 2483 3589 Gygen

634 3617 978 3717 Excipit3
1037 3621 1216 3696 hinc
1252 3604 1496 3721 raptae
1530 3623 1996 3724 fugientibus
2032 3627 2310 3725 ingerit
2343 3628 2592 3700 hastas
2635 3617 2644 3627 ’

635 3757 729 3829 In
768 3769 1103 3857 tergum:
1159 3759 1208 3833 J
1212 3760 1363 3833 uno
1398 3761 1589 3837 vires
1635 3763 2116 3862 animumque
2153 3764 2547 3839 ministrat.

631 3894 869 3968 Addit
906 3896 1183 3994 Halym
1220 3899 1592 3992 comitem,
1642 3912 1718 3973 et
1755 3902 2054 3975 confixa
2087 3903 2390 4002 Phegea
2422 3926 2716 4002 parma3

635 4033 950 4131 Ignaros
986 4033 1259 4109 deinde
1298 4036 1377 4110 in
1412 4038 1663 4130 muriS,
1711 4050 2174 4139 martemque
2213 4041 2517 4133 cienteS,

534 4163 541 4168 ⁵
635 4171 1266 4271 Alcandrumque,
1296 4174 1770 4275 Haliumque,
1801 4178 2365 4278 Noemonaque,
2393 4178 2815 4279 Prytanim-
2865 4154 2876 4165 ⁰

786 4333 929 4405 que
950 4336 983 4386 z·
