<?xml version="1.0" encoding="UTF-8"?>
<!DOCTYPE html PUBLIC "-//W3C//DTD XHTML 1.0 Transitional//EN"
    "http://www.w3.org/TR/xhtml1/DTD/xhtml1-transitional.dtd">
<html xmlns="http://www.w3.org/1999/xhtml" xml:lang="en" lang="en">
 <head>
  <title>
</title>
<meta http-equiv="Content-Type" content="text/html;charset=utf-8" />
  <meta name='ocr-system' content='tesseract 3.04.00' />
  <meta name='ocr-capabilities' content='ocr_page ocr_carea ocr_par ocr_line ocrx_word'/>
</head>
<body>
  <div class='ocr_page' id='page_1' title='image "./publiusvergiliu01virggoog/publiusvergiliu01virggoog_0179.png"; bbox 0 0 3234 5334; ppageno 0'>
   <div class='ocr_carea' id='block_1_1' title="bbox 735 612 2851 770">
    <p class='ocr_par' dir='ltr' id='par_1_1' title="bbox 735 612 2851 770">
     <span class='ocr_line' id='line_1_1' title="bbox 735 612 2851 770; baseline 0.001 -41"><span class='ocrx_word' id='word_1_1' title='bbox 735 665 872 736; x_wconf 89' lang='lat'><strong>170</strong></span> <span class='ocrx_word' id='word_1_2' title='bbox 1116 762 1125 770; x_wconf 84' lang='lat'><strong>.</strong></span> <span class='ocrx_word' id='word_1_3' title='bbox 1311 612 1318 617; x_wconf 55' lang='grc'><strong>’</strong></span> <span class='ocrx_word' id='word_1_4' title='bbox 1580 654 2016 733; x_wconf 83' lang='lat' dir='ltr'><strong>AENEIS.</strong></span> <span class='ocrx_word' id='word_1_5' title='bbox 2646 678 2711 729; x_wconf 85' lang='lat' dir='ltr'><strong>v.</strong></span> <span class='ocrx_word' id='word_1_6' title='bbox 2746 662 2851 736; x_wconf 81' lang='lat'><strong>74.-</strong></span> 
     </span>
    </p>
   </div>
   <div class='ocr_carea' id='block_1_2' title="bbox 601 851 2879 4401">
    <p class='ocr_par' dir='ltr' id='par_1_2' title="bbox 720 851 2673 951">
     <span class='ocr_line' id='line_1_2' title="bbox 720 851 2673 951; baseline -0.001 -24"><span class='ocrx_word' id='word_1_7' title='bbox 720 852 804 927; x_wconf 87' lang='lat' dir='ltr'>N</span> <span class='ocrx_word' id='word_1_8' title='bbox 805 861 1207 944; x_wconf 85' lang='lat' dir='ltr'><strong>ascentem,</strong></span> <span class='ocrx_word' id='word_1_9' title='bbox 1253 862 1334 927; x_wconf 87' lang='lat' dir='ltr'><strong>et</strong></span> <span class='ocrx_word' id='word_1_10' title='bbox 1365 852 1608 951; x_wconf 88' lang='lat' dir='ltr'><strong>patria</strong></span> <span class='ocrx_word' id='word_1_11' title='bbox 1631 854 1971 928; x_wconf 88' lang='lat' dir='ltr'><strong>Turnum</strong></span> <span class='ocrx_word' id='word_1_12' title='bbox 2008 851 2413 927; x_wconf 79' lang='lat' dir='ltr'><strong>consistere</strong></span> <span class='ocrx_word' id='word_1_13' title='bbox 2454 863 2673 944; x_wconf 88' lang='lat' dir='ltr'><strong>terra,</strong></span> 
     </span>
    </p>

    <p class='ocr_par' dir='ltr' id='par_1_3' title="bbox 721 988 2545 1082">
     <span class='ocr_line' id='line_1_3' title="bbox 721 988 2545 1082; baseline -0.001 -17"><span class='ocrx_word' id='word_1_14' title='bbox 721 988 868 1065; x_wconf 90' lang='lat' dir='ltr'><strong>Cui</strong></span> <span class='ocrx_word' id='word_1_15' title='bbox 901 988 1290 1065; x_wconf 87' lang='lat' dir='ltr'><strong>Pilumnus</strong></span> <span class='ocrx_word' id='word_1_16' title='bbox 1323 1016 1526 1082; x_wconf 86' lang='lat' dir='ltr'><strong>avus,</strong></span> <span class='ocrx_word' id='word_1_17' title='bbox 1571 992 1699 1065; x_wconf 89' lang='lat' dir='ltr'><strong>cui</strong></span> <span class='ocrx_word' id='word_1_18' title='bbox 1732 990 1909 1065; x_wconf 85' lang='lat' dir='ltr'><strong>diva</strong></span> <span class='ocrx_word' id='word_1_19' title='bbox 1935 990 2234 1065; x_wconf 84' lang='lat' dir='ltr'>Venilia</span> <span class='ocrx_word' id='word_1_20' title='bbox 2268 1000 2545 1064; x_wconf 83' lang='lat' dir='ltr'><strong>mater:</strong></span> 
     </span>
    </p>

    <p class='ocr_par' dir='ltr' id='par_1_4' title="bbox 715 1126 2477 1227">
     <span class='ocr_line' id='line_1_4' title="bbox 715 1126 2477 1227; baseline 0.001 -27"><span class='ocrx_word' id='word_1_21' title='bbox 715 1127 925 1213; x_wconf 84' lang='lat' dir='ltr'><strong>Quid</strong></span> <span class='ocrx_word' id='word_1_22' title='bbox 958 1126 1126 1201; x_wconf 89' lang='lat' dir='ltr'><strong>face</strong></span> <span class='ocrx_word' id='word_1_23' title='bbox 1151 1126 1511 1227; x_wconf 89' lang='lat' dir='ltr'><strong>Trojanos</strong></span> <span class='ocrx_word' id='word_1_24' title='bbox 1551 1141 1717 1203; x_wconf 88' lang='lat' dir='ltr'><strong>atra</strong></span> <span class='ocrx_word' id='word_1_25' title='bbox 1749 1130 1903 1205; x_wconf 83' lang='lat' dir='ltr'><strong>vim</strong></span> <span class='ocrx_word' id='word_1_26' title='bbox 1935 1127 2131 1203; x_wconf 89' lang='lat' dir='ltr'><strong>ferre</strong></span> <span class='ocrx_word' id='word_1_27' title='bbox 2169 1127 2477 1219; x_wconf 87' lang='lat' dir='ltr'><strong>Latinis,</strong></span> 
     </span>
    </p>

    <p class='ocr_par' dir='ltr' id='par_1_5' title="bbox 715 1264 2797 1367">
     <span class='ocr_line' id='line_1_5' title="bbox 715 1264 2797 1367; baseline -0 -28"><span class='ocrx_word' id='word_1_28' title='bbox 715 1266 919 1340; x_wconf 83' lang='lat' dir='ltr'>Arva</span> <span class='ocrx_word' id='word_1_29' title='bbox 953 1266 1198 1340; x_wconf 89' lang='lat' dir='ltr'><strong>aliena</strong></span> <span class='ocrx_word' id='word_1_30' title='bbox 1217 1265 1408 1367; x_wconf 89' lang='lat' dir='ltr'><strong>jugo</strong></span> <span class='ocrx_word' id='word_1_31' title='bbox 1443 1291 1801 1366; x_wconf 84' lang='lat' dir='ltr'><strong>premere,</strong></span> <span class='ocrx_word' id='word_1_32' title='bbox 1848 1278 2075 1365; x_wconf 87' lang='lat' dir='ltr'><strong>atque</strong></span> <span class='ocrx_word' id='word_1_33' title='bbox 2110 1278 2447 1341; x_wconf 88' lang='lat' dir='ltr'><strong>avertere</strong></span> <span class='ocrx_word' id='word_1_34' title='bbox 2480 1264 2797 1364; x_wconf 80' lang='lat' dir='ltr'><strong>praedas?</strong></span> 
     </span>
    </p>

    <p class='ocr_par' dir='ltr' id='par_1_6' title="bbox 717 1404 2879 1505">
     <span class='ocr_line' id='line_1_6' title="bbox 717 1404 2879 1505; baseline -0 -27"><span class='ocrx_word' id='word_1_35' title='bbox 717 1404 924 1491; x_wconf 84' lang='lat' dir='ltr'><strong>Quid</strong></span> <span class='ocrx_word' id='word_1_36' title='bbox 957 1429 1249 1479; x_wconf 86' lang='lat' dir='ltr'><strong>soceros</strong></span> <span class='ocrx_word' id='word_1_37' title='bbox 1283 1407 1561 1504; x_wconf 83' lang='lat' dir='ltr'><strong>legere,</strong></span> <span class='ocrx_word' id='word_1_38' title='bbox 1603 1418 1683 1479; x_wconf 89' lang='lat' dir='ltr'><strong>et</strong></span> <span class='ocrx_word' id='word_1_39' title='bbox 1714 1404 2019 1505; x_wconf 85' lang='lat' dir='ltr'><strong>gremiis</strong></span> <span class='ocrx_word' id='word_1_40' title='bbox 2052 1404 2422 1478; x_wconf 89' lang='lat' dir='ltr'><strong>abducere</strong></span> <span class='ocrx_word' id='word_1_41' title='bbox 2456 1415 2748 1502; x_wconf 86' lang='lat' dir='ltr'><strong>pactas;</strong></span> <span class='ocrx_word' id='word_1_42' title='bbox 2874 1463 2879 1469; x_wconf 93' lang='lat'><em>.</em></span> 
     </span>
    </p>

    <p class='ocr_par' dir='ltr' id='par_1_7' title="bbox 715 1542 2628 1643">
     <span class='ocr_line' id='line_1_7' title="bbox 715 1542 2628 1643; baseline -0.001 -27"><span class='ocrx_word' id='word_1_43' title='bbox 715 1543 987 1617; x_wconf 82' lang='lat' dir='ltr'><strong>Pacem</strong></span> <span class='ocrx_word' id='word_1_44' title='bbox 1022 1567 1234 1617; x_wconf 88' lang='lat' dir='ltr'><strong>orare</strong></span> <span class='ocrx_word' id='word_1_45' title='bbox 1267 1568 1518 1636; x_wconf 88' lang='lat' dir='ltr'><strong>manu,</strong></span> <span class='ocrx_word' id='word_1_46' title='bbox 1565 1546 1943 1643; x_wconf 87' lang='lat' dir='ltr'><strong>praefigere</strong></span> <span class='ocrx_word' id='word_1_47' title='bbox 1980 1542 2345 1641; x_wconf 88' lang='lat' dir='ltr'><strong>puppibus</strong></span> <span class='ocrx_word' id='word_1_48' title='bbox 2378 1543 2628 1616; x_wconf 89' lang='lat' dir='ltr'><strong>arma?</strong></span> 
     </span>
    </p>

    <p class='ocr_par' dir='ltr' id='par_1_8' title="bbox 710 1680 2607 1780">
     <span class='ocr_line' id='line_1_8' title="bbox 710 1680 2607 1780; baseline 0 -26"><span class='ocrx_word' id='word_1_49' title='bbox 710 1680 830 1754; x_wconf 91' lang='lat' dir='ltr'><strong>Tu</strong></span> <span class='ocrx_word' id='word_1_50' title='bbox 865 1694 1074 1780; x_wconf 89' lang='lat' dir='ltr'><strong>potes</strong></span> <span class='ocrx_word' id='word_1_51' title='bbox 1110 1684 1402 1758; x_wconf 87' lang='lat' dir='ltr'><strong>AEnean</strong></span> <span class='ocrx_word' id='word_1_52' title='bbox 1437 1682 1781 1757; x_wconf 88' lang='lat' dir='ltr'><strong>manibus</strong></span> <span class='ocrx_word' id='word_1_53' title='bbox 1818 1682 2234 1756; x_wconf 88' lang='lat' dir='ltr'><strong>subducere</strong></span> <span class='ocrx_word' id='word_1_54' title='bbox 2270 1681 2607 1772; x_wconf 71' lang='lat' dir='ltr'><strong>Graium,</strong></span> 
     </span>
    </p>

    <p class='ocr_par' dir='ltr' id='par_1_9' title="bbox 712 1818 2772 1917">
     <span class='ocr_line' id='line_1_9' title="bbox 712 1818 2772 1917; baseline 0 -24"><span class='ocrx_word' id='word_1_55' title='bbox 712 1818 1001 1917; x_wconf 89' lang='lat' dir='ltr'><strong>Proque</strong></span> <span class='ocrx_word' id='word_1_56' title='bbox 1034 1819 1194 1895; x_wconf 88' lang='lat' dir='ltr'><strong>viro</strong></span> <span class='ocrx_word' id='word_1_57' title='bbox 1229 1819 1583 1895; x_wconf 86' lang='lat' dir='ltr'><strong>nebulam</strong></span> <span class='ocrx_word' id='word_1_58' title='bbox 1622 1832 1699 1894; x_wconf 89' lang='lat' dir='ltr'><strong>et</strong></span> <span class='ocrx_word' id='word_1_59' title='bbox 1732 1832 1995 1895; x_wconf 81' lang='lat' dir='ltr'><strong>ventos</strong></span> <span class='ocrx_word' id='word_1_60' title='bbox 2032 1819 2443 1893; x_wconf 87' lang='lat' dir='ltr'><strong>obtendere</strong></span> <span class='ocrx_word' id='word_1_61' title='bbox 2478 1820 2735 1893; x_wconf 88' lang='lat' dir='ltr'><strong>inanes</strong></span> <span class='ocrx_word' id='word_1_62' title='bbox 2752 1848 2772 1910; x_wconf 92' lang='lat'>;</span> 
     </span>
    </p>

    <p class='ocr_par' dir='ltr' id='par_1_10' title="bbox 709 1956 2802 2056">
     <span class='ocr_line' id='line_1_10' title="bbox 709 1956 2802 2056; baseline -0 -25"><span class='ocrx_word' id='word_1_63' title='bbox 709 1956 811 2032; x_wconf 91' lang='lat' dir='ltr'><strong>Et</strong></span> <span class='ocrx_word' id='word_1_64' title='bbox 845 1970 1052 2056; x_wconf 88' lang='lat' dir='ltr'><strong>potes</strong></span> <span class='ocrx_word' id='word_1_65' title='bbox 1089 1958 1168 2031; x_wconf 92' lang='lat' dir='ltr'><strong>in</strong></span> <span class='ocrx_word' id='word_1_66' title='bbox 1203 1958 1516 2033; x_wconf 89' lang='lat' dir='ltr'><strong>totidem</strong></span> <span class='ocrx_word' id='word_1_67' title='bbox 1556 1960 1865 2032; x_wconf 83' lang='lat' dir='ltr'><strong>classem</strong></span> <span class='ocrx_word' id='word_1_68' title='bbox 1901 1970 2337 2033; x_wconf 89' lang='lat' dir='ltr'><strong>convertere</strong></span> <span class='ocrx_word' id='word_1_69' title='bbox 2374 1958 2802 2056; x_wconf 86' lang='lat' dir='ltr'><strong>Nymphas:</strong></span> 
     </span>
    </p>

    <p class='ocr_par' dir='ltr' id='par_1_11' title="bbox 710 2094 2788 2195">
     <span class='ocr_line' id='line_1_11' title="bbox 710 2094 2788 2195; baseline 0 -27"><span class='ocrx_word' id='word_1_70' title='bbox 710 2094 876 2169; x_wconf 86' lang='lat' dir='ltr'><strong>Nos</strong></span> <span class='ocrx_word' id='word_1_71' title='bbox 913 2096 1192 2193; x_wconf 84' lang='lat' dir='ltr'><strong>aliquid</strong></span> <span class='ocrx_word' id='word_1_72' title='bbox 1229 2096 1545 2195; x_wconf 69' lang='lat' dir='ltr'><strong>Rutulos</strong></span> <span class='ocrx_word' id='word_1_73' title='bbox 1583 2107 1851 2169; x_wconf 88' lang='lat' dir='ltr'><strong>contra</strong></span> <span class='ocrx_word' id='word_1_74' title='bbox 1870 2094 2152 2193; x_wconf 88' lang='lat' dir='ltr'><strong>juvisse</strong></span> <span class='ocrx_word' id='word_1_75' title='bbox 2186 2095 2601 2195; x_wconf 87' lang='lat' dir='ltr'><strong>nefandum</strong></span> <span class='ocrx_word' id='word_1_76' title='bbox 2636 2095 2788 2169; x_wconf 85' lang='lat' dir='ltr'><strong>est?</strong></span> 
     </span>
    </p>

    <p class='ocr_par' dir='ltr' id='par_1_12' title="bbox 707 2233 2327 2334">
     <span class='ocr_line' id='line_1_12' title="bbox 707 2233 2327 2334; baseline 0 -27"><span class='ocrx_word' id='word_1_77' title='bbox 707 2234 978 2307; x_wconf 82' lang='lat' dir='ltr'><strong>AEneas</strong></span> <span class='ocrx_word' id='word_1_78' title='bbox 1014 2233 1320 2332; x_wconf 86' lang='lat' dir='ltr'><strong>ignarus</strong></span> <span class='ocrx_word' id='word_1_79' title='bbox 1355 2234 1602 2308; x_wconf 88' lang='lat' dir='ltr'><strong>abest:</strong></span> <span class='ocrx_word' id='word_1_80' title='bbox 1662 2234 1966 2334; x_wconf 79' lang='lat' dir='ltr'><strong>ignarus</strong></span> <span class='ocrx_word' id='word_1_81' title='bbox 2004 2246 2083 2307; x_wconf 92' lang='lat' dir='ltr'><strong>et</strong></span> <span class='ocrx_word' id='word_1_82' title='bbox 2116 2235 2327 2308; x_wconf 87' lang='lat' dir='ltr'><strong>absit.</strong></span> 
     </span>
    </p>

    <p class='ocr_par' dir='ltr' id='par_1_13' title="bbox 707 2350 2687 2470">
     <span class='ocr_line' id='line_1_13' title="bbox 707 2350 2687 2470; baseline -0.001 -24"><span class='ocrx_word' id='word_1_83' title='bbox 707 2370 842 2447; x_wconf 86' lang='lat' dir='ltr'><strong>Est</strong></span> <span class='ocrx_word' id='word_1_84' title='bbox 876 2369 1172 2470; x_wconf 84' lang='lat' dir='ltr'><strong>Paphus</strong></span> <span class='ocrx_word' id='word_1_85' title='bbox 1207 2350 1677 2470; x_wconf 79' lang='lat' dir='ltr'><strong>Idaliumque</strong></span> <span class='ocrx_word' id='word_1_86' title='bbox 1713 2372 1874 2464; x_wconf 89' lang='lat' dir='ltr'><strong>tibi,</strong></span> <span class='ocrx_word' id='word_1_87' title='bbox 1922 2386 2098 2448; x_wconf 88' lang='lat' dir='ltr'><strong>sunt</strong></span> <span class='ocrx_word' id='word_1_88' title='bbox 2134 2373 2286 2446; x_wconf 88' lang='lat' dir='ltr'><strong>alta</strong></span> <span class='ocrx_word' id='word_1_89' title='bbox 2316 2372 2687 2470; x_wconf 85' lang='lat' dir='ltr'><strong>Cythera:</strong></span> 
     </span>
    </p>

    <p class='ocr_par' dir='ltr' id='par_1_14' title="bbox 601 2508 2861 2617">
     <span class='ocr_line' id='line_1_14' title="bbox 601 2508 2861 2617; baseline 0 -36"><span class='ocrx_word' id='word_1_90' title='bbox 601 2610 608 2617; x_wconf 89' lang='lat'><strong><em>.</em></strong></span> <span class='ocrx_word' id='word_1_91' title='bbox 707 2508 914 2594; x_wconf 84' lang='lat' dir='ltr'><strong>Quid</strong></span> <span class='ocrx_word' id='word_1_92' title='bbox 948 2508 1338 2609; x_wconf 89' lang='lat' dir='ltr'><strong>gravidam</strong></span> <span class='ocrx_word' id='word_1_93' title='bbox 1367 2510 1578 2585; x_wconf 89' lang='lat' dir='ltr'><strong>bellis</strong></span> <span class='ocrx_word' id='word_1_94' title='bbox 1613 2510 1873 2585; x_wconf 90' lang='lat' dir='ltr'><strong>urbem</strong></span> <span class='ocrx_word' id='word_1_95' title='bbox 1910 2522 1989 2584; x_wconf 89' lang='lat' dir='ltr'><strong>et</strong></span> <span class='ocrx_word' id='word_1_96' title='bbox 2026 2510 2254 2585; x_wconf 88' lang='lat' dir='ltr'><strong>corda</strong></span> <span class='ocrx_word' id='word_1_97' title='bbox 2286 2534 2547 2608; x_wconf 88' lang='lat' dir='ltr'><strong>aspera</strong></span> <span class='ocrx_word' id='word_1_98' title='bbox 2578 2508 2861 2584; x_wconf 82' lang='lat' dir='ltr'><strong>tentas?</strong></span> 
     </span>
    </p>

    <p class='ocr_par' dir='ltr' id='par_1_15' title="bbox 704 2645 2551 2746">
     <span class='ocr_line' id='line_1_15' title="bbox 704 2645 2551 2746; baseline 0.001 -28"><span class='ocrx_word' id='word_1_99' title='bbox 704 2645 969 2734; x_wconf 78' lang='lat' dir='ltr'><strong>Nosne</strong></span> <span class='ocrx_word' id='word_1_100' title='bbox 1007 2647 1145 2722; x_wconf 88' lang='lat' dir='ltr'><strong>tibi</strong></span> <span class='ocrx_word' id='word_1_101' title='bbox 1181 2650 1420 2723; x_wconf 87' lang='lat' dir='ltr'><strong>fluxas</strong></span> <span class='ocrx_word' id='word_1_102' title='bbox 1457 2646 1799 2746; x_wconf 85' lang='lat' dir='ltr'><strong>Phrygiae</strong></span> <span class='ocrx_word' id='word_1_103' title='bbox 1834 2674 1949 2723; x_wconf 87' lang='lat' dir='ltr'><strong>res</strong></span> <span class='ocrx_word' id='word_1_104' title='bbox 1983 2662 2275 2721; x_wconf 89' lang='lat' dir='ltr'><strong>vertere</strong></span> <span class='ocrx_word' id='word_1_105' title='bbox 2308 2647 2551 2722; x_wconf 87' lang='lat' dir='ltr'><strong>fundo</strong></span> 
     </span>
    </p>

    <p class='ocr_par' dir='ltr' id='par_1_16' title="bbox 707 2771 2731 2883">
     <span class='ocr_line' id='line_1_16' title="bbox 707 2771 2731 2883; baseline -0.001 -24"><span class='ocrx_word' id='word_1_106' title='bbox 707 2780 1134 2859; x_wconf 87' lang='lat' dir='ltr'><strong>Conamur?</strong></span> <span class='ocrx_word' id='word_1_107' title='bbox 1187 2786 1368 2859; x_wconf 83' lang='lat' dir='ltr'><strong>nos?</strong></span> <span class='ocrx_word' id='word_1_108' title='bbox 1421 2811 1520 2860; x_wconf 86' lang='lat' dir='ltr'><strong>an</strong></span> <span class='ocrx_word' id='word_1_109' title='bbox 1555 2786 1861 2859; x_wconf 88' lang='lat' dir='ltr'><strong>miseros</strong></span> <span class='ocrx_word' id='word_1_110' title='bbox 1896 2785 2023 2883; x_wconf 90' lang='lat' dir='ltr'><strong>qui</strong></span> <span class='ocrx_word' id='word_1_111' title='bbox 2056 2786 2285 2859; x_wconf 89' lang='lat' dir='ltr'><strong>Troas</strong></span> <span class='ocrx_word' id='word_1_112' title='bbox 2318 2784 2627 2859; x_wconf 86' lang='lat' dir='ltr'><strong>Achivis</strong></span> <span class='ocrx_word' id='word_1_113' title='bbox 2724 2771 2731 2775; x_wconf 51' lang='grc'>’</span> 
     </span>
    </p>

    <p class='ocr_par' dir='ltr' id='par_1_17' title="bbox 703 2898 2577 3023">
     <span class='ocr_line' id='line_1_17' title="bbox 703 2898 2577 3023; baseline 0.001 -28"><span class='ocrx_word' id='word_1_114' title='bbox 703 2919 1047 3020; x_wconf 85' lang='lat' dir='ltr'><strong>Objecit?</strong></span> <span class='ocrx_word' id='word_1_115' title='bbox 1101 2898 1290 3008; x_wconf 81' lang='lat' dir='ltr'><strong>Quae</strong></span> <span class='ocrx_word' id='word_1_116' title='bbox 1325 2948 1550 2997; x_wconf 89' lang='lat' dir='ltr'><strong>causa</strong></span> <span class='ocrx_word' id='word_1_117' title='bbox 1581 2922 1731 2998; x_wconf 89' lang='lat' dir='ltr'><strong>fuit</strong></span> <span class='ocrx_word' id='word_1_118' title='bbox 1766 2948 2217 3023; x_wconf 87' lang='lat' dir='ltr'><strong>consurgere</strong></span> <span class='ocrx_word' id='word_1_119' title='bbox 2250 2923 2327 2997; x_wconf 91' lang='lat' dir='ltr'><strong>in</strong></span> <span class='ocrx_word' id='word_1_120' title='bbox 2366 2948 2577 2997; x_wconf 70' lang='lat' dir='ltr'><strong>:mna</strong></span> 
     </span>
    </p>

    <p class='ocr_par' dir='ltr' id='par_1_18' title="bbox 701 3058 2733 3158">
     <span class='ocr_line' id='line_1_18' title="bbox 701 3058 2733 3158; baseline 0 -25"><span class='ocrx_word' id='word_1_121' title='bbox 701 3058 1228 3158; x_wconf 87' lang='lat' dir='ltr'><strong>Europamque</strong></span> <span class='ocrx_word' id='word_1_122' title='bbox 1261 3061 1685 3158; x_wconf 84' lang='lat' dir='ltr'><strong>Asiamque,</strong></span> <span class='ocrx_word' id='word_1_123' title='bbox 1734 3072 1813 3135; x_wconf 88' lang='lat' dir='ltr'><strong>et</strong></span> <span class='ocrx_word' id='word_1_124' title='bbox 1845 3060 2129 3135; x_wconf 88' lang='lat' dir='ltr'><strong>foedera</strong></span> <span class='ocrx_word' id='word_1_125' title='bbox 2162 3063 2447 3135; x_wconf 89' lang='lat' dir='ltr'><strong>solvere</strong></span> <span class='ocrx_word' id='word_1_126' title='bbox 2482 3058 2733 3135; x_wconf 85' lang='lat' dir='ltr'><strong>furto?</strong></span> 
     </span>
    </p>

    <p class='ocr_par' dir='ltr' id='par_1_19' title="bbox 702 3196 2779 3299">
     <span class='ocr_line' id='line_1_19' title="bbox 702 3196 2779 3299; baseline 0 -29"><span class='ocrx_word' id='word_1_127' title='bbox 702 3196 835 3271; x_wconf 89' lang='lat' dir='ltr'><strong>Me</strong></span> <span class='ocrx_word' id='word_1_128' title='bbox 872 3198 1065 3272; x_wconf 90' lang='lat' dir='ltr'><strong>duce</strong></span> <span class='ocrx_word' id='word_1_129' title='bbox 1102 3197 1532 3273; x_wconf 89' lang='lat' dir='ltr'><strong>Dardanius</strong></span> <span class='ocrx_word' id='word_1_130' title='bbox 1569 3199 1906 3297; x_wconf 86' lang='lat' dir='ltr'><strong>Spartam</strong></span> <span class='ocrx_word' id='word_1_131' title='bbox 1944 3200 2409 3299; x_wconf 87' lang='lat' dir='ltr'><strong>expugnavit</strong></span> <span class='ocrx_word' id='word_1_132' title='bbox 2444 3199 2779 3274; x_wconf 88' lang='lat' dir='ltr'><strong>adulter?</strong></span> 
     </span>
    </p>

    <p class='ocr_par' dir='ltr' id='par_1_20' title="bbox 699 3334 2407 3435">
     <span class='ocr_line' id='line_1_20' title="bbox 699 3334 2407 3435; baseline 0.002 -29"><span class='ocrx_word' id='word_1_133' title='bbox 699 3335 857 3408; x_wconf 91' lang='lat' dir='ltr'><strong>Aut</strong></span> <span class='ocrx_word' id='word_1_134' title='bbox 892 3360 1034 3434; x_wconf 89' lang='lat' dir='ltr'><strong>ego</strong></span> <span class='ocrx_word' id='word_1_135' title='bbox 1067 3337 1222 3410; x_wconf 89' lang='lat' dir='ltr'><strong>tela</strong></span> <span class='ocrx_word' id='word_1_136' title='bbox 1255 3336 1450 3428; x_wconf 91' lang='lat' dir='ltr'><strong>dedi,</strong></span> <span class='ocrx_word' id='word_1_137' title='bbox 1497 3334 1746 3410; x_wconf 89' lang='lat' dir='ltr'><strong>fovive</strong></span> <span class='ocrx_word' id='word_1_138' title='bbox 1784 3336 2135 3435; x_wconf 89' lang='lat' dir='ltr'><strong>cupidine</strong></span> <span class='ocrx_word' id='word_1_139' title='bbox 2170 3338 2407 3411; x_wconf 84' lang='lat' dir='ltr'><strong>bella?</strong></span> 
     </span>
    </p>

    <p class='ocr_par' dir='ltr' id='par_1_21' title="bbox 695 3472 2604 3573">
     <span class='ocr_line' id='line_1_21' title="bbox 695 3472 2604 3573; baseline 0.003 -29"><span class='ocrx_word' id='word_1_140' title='bbox 695 3472 889 3545; x_wconf 90' lang='lat' dir='ltr'><strong>Tum</strong></span> <span class='ocrx_word' id='word_1_141' title='bbox 926 3472 1182 3547; x_wconf 88' lang='lat' dir='ltr'><strong>decuit</strong></span> <span class='ocrx_word' id='word_1_142' title='bbox 1215 3473 1566 3549; x_wconf 89' lang='lat' dir='ltr'><strong>metuisse</strong></span> <span class='ocrx_word' id='word_1_143' title='bbox 1602 3473 1788 3547; x_wconf 87' lang='lat' dir='ltr'><strong>tuis:</strong></span> <span class='ocrx_word' id='word_1_144' title='bbox 1846 3498 2053 3548; x_wconf 87' lang='lat' dir='ltr'><strong>nunc</strong></span> <span class='ocrx_word' id='word_1_145' title='bbox 2090 3500 2253 3548; x_wconf 88' lang='lat' dir='ltr'><strong>sera</strong></span> <span class='ocrx_word' id='word_1_146' title='bbox 2287 3475 2604 3573; x_wconf 89' lang='lat' dir='ltr'><strong>querelis</strong></span> 
     </span>
    </p>

    <p class='ocr_par' dir='ltr' id='par_1_22' title="bbox 696 3609 2642 3848">
     <span class='ocr_line' id='line_1_22' title="bbox 696 3609 2513 3713; baseline 0.001 -30"><span class='ocrx_word' id='word_1_147' title='bbox 696 3610 924 3684; x_wconf 88' lang='lat' dir='ltr'><strong>Haud</strong></span> <span class='ocrx_word' id='word_1_148' title='bbox 947 3609 1168 3708; x_wconf 89' lang='lat' dir='ltr'><strong>justis</strong></span> <span class='ocrx_word' id='word_1_149' title='bbox 1203 3612 1524 3711; x_wconf 86' lang='lat' dir='ltr'><strong>assurgis</strong></span> <span class='ocrx_word' id='word_1_150' title='bbox 1542 3640 1563 3702; x_wconf 89' lang='lat'>;</span> <span class='ocrx_word' id='word_1_151' title='bbox 1624 3618 1700 3686; x_wconf 80' lang='lat' dir='ltr'><strong>et</strong></span> <span class='ocrx_word' id='word_1_152' title='bbox 1737 3611 1947 3686; x_wconf 87' lang='lat' dir='ltr'><strong>irrita</strong></span> <span class='ocrx_word' id='word_1_153' title='bbox 1968 3610 2225 3713; x_wconf 86' lang='lat' dir='ltr'><strong>jurgia</strong></span> <span class='ocrx_word' id='word_1_154' title='bbox 2246 3610 2513 3711; x_wconf 75' lang='lat' dir='ltr'><strong>jactas,</strong></span> 
     </span>
     <span class='ocr_line' id='line_1_23' title="bbox 838 3749 2642 3848; baseline 0.002 -27"><span class='ocrx_word' id='word_1_155' title='bbox 838 3749 1142 3823; x_wconf 85' lang='lat' dir='ltr'><strong>Talibus</strong></span> <span class='ocrx_word' id='word_1_156' title='bbox 1177 3749 1440 3823; x_wconf 87' lang='lat' dir='ltr'><strong>orabat</strong></span> <span class='ocrx_word' id='word_1_157' title='bbox 1471 3750 1519 3822; x_wconf 90' lang='lat' dir='ltr'>J</span> <span class='ocrx_word' id='word_1_158' title='bbox 1526 3774 1715 3840; x_wconf 90' lang='lat' dir='ltr'><strong>uno;</strong></span> <span class='ocrx_word' id='word_1_159' title='bbox 1775 3751 2179 3848; x_wconf 88' lang='lat' dir='ltr'><strong>cunctique</strong></span> <span class='ocrx_word' id='word_1_160' title='bbox 2215 3749 2642 3825; x_wconf 86' lang='lat' dir='ltr'><strong>fremebant</strong></span> 
     </span>
    </p>

    <p class='ocr_par' dir='ltr' id='par_1_23' title="bbox 696 3885 2587 3986">
     <span class='ocr_line' id='line_1_24' title="bbox 696 3885 2587 3986; baseline 0.002 -27"><span class='ocrx_word' id='word_1_161' title='bbox 696 3885 1064 3961; x_wconf 86' lang='lat' dir='ltr'><strong>Coelicolae</strong></span> <span class='ocrx_word' id='word_1_162' title='bbox 1099 3912 1400 3962; x_wconf 87' lang='lat' dir='ltr'><strong>assensu</strong></span> <span class='ocrx_word' id='word_1_163' title='bbox 1431 3888 1678 3961; x_wconf 89' lang='lat' dir='ltr'><strong>vario:</strong></span> <span class='ocrx_word' id='word_1_164' title='bbox 1737 3912 1878 3961; x_wconf 92' lang='lat' dir='ltr'><strong>ceu</strong></span> <span class='ocrx_word' id='word_1_165' title='bbox 1913 3888 2215 3961; x_wconf 89' lang='lat' dir='ltr'><strong>flamina</strong></span> <span class='ocrx_word' id='word_1_166' title='bbox 2246 3887 2486 3986; x_wconf 90' lang='lat' dir='ltr'><strong>prima</strong></span> <span class='ocrx_word' id='word_1_167' title='bbox 2578 3916 2587 3929; x_wconf 81' lang='grc'><strong><em>·</em></strong></span> 
     </span>
    </p>

    <p class='ocr_par' dir='ltr' id='par_1_24' title="bbox 694 4023 2741 4123">
     <span class='ocr_line' id='line_1_25' title="bbox 694 4023 2741 4123; baseline 0.001 -27"><span class='ocrx_word' id='word_1_168' title='bbox 694 4024 953 4109; x_wconf 85' lang='lat' dir='ltr'><strong>Quum</strong></span> <span class='ocrx_word' id='word_1_169' title='bbox 989 4024 1356 4123; x_wconf 87' lang='lat' dir='ltr'><strong>deprensa</strong></span> <span class='ocrx_word' id='word_1_170' title='bbox 1386 4023 1723 4099; x_wconf 89' lang='lat' dir='ltr'><strong>fremunt</strong></span> <span class='ocrx_word' id='word_1_171' title='bbox 1756 4025 1999 4123; x_wconf 64' lang='lat' dir='ltr'><strong>sylvis»,</strong></span> <span class='ocrx_word' id='word_1_172' title='bbox 2048 4037 2125 4099; x_wconf 90' lang='lat' dir='ltr'><strong>et</strong></span> <span class='ocrx_word' id='word_1_173' title='bbox 2160 4050 2359 4099; x_wconf 88' lang='lat' dir='ltr'><strong>caeca</strong></span> <span class='ocrx_word' id='word_1_174' title='bbox 2390 4026 2741 4099; x_wconf 86' lang='lat' dir='ltr'><strong>volutant</strong></span> 
     </span>
    </p>

    <p class='ocr_par' dir='ltr' id='par_1_25' title="bbox 691 4148 2537 4260">
     <span class='ocr_line' id='line_1_26' title="bbox 691 4148 2537 4260; baseline 0.001 -27"><span class='ocrx_word' id='word_1_175' title='bbox 691 4148 1103 4253; x_wconf 88' lang='lat' dir='ltr'><strong>Murmura,</strong></span> <span class='ocrx_word' id='word_1_176' title='bbox 1149 4176 1504 4237; x_wconf 83' lang='lat' dir='ltr'><strong>venturos</strong></span> <span class='ocrx_word' id='word_1_177' title='bbox 1539 4162 1789 4236; x_wconf 88' lang='lat' dir='ltr'><strong>nautis</strong></span> <span class='ocrx_word' id='word_1_178' title='bbox 1825 4163 2219 4260; x_wconf 88' lang='lat' dir='ltr'><strong>prodentia</strong></span> <span class='ocrx_word' id='word_1_179' title='bbox 2253 4177 2537 4237; x_wconf 90' lang='lat' dir='ltr'><strong>ventos.</strong></span> 
     </span>
    </p>

    <p class='ocr_par' dir='ltr' id='par_1_26' title="bbox 687 4298 2815 4401">
     <span class='ocr_line' id='line_1_27' title="bbox 687 4298 2815 4401; baseline 0.002 -30"><span class='ocrx_word' id='word_1_180' title='bbox 687 4298 880 4372; x_wconf 89' lang='lat' dir='ltr'><strong>Tum</strong></span> <span class='ocrx_word' id='word_1_181' title='bbox 917 4312 1130 4400; x_wconf 89' lang='lat' dir='ltr'><strong>pater</strong></span> <span class='ocrx_word' id='word_1_182' title='bbox 1161 4300 1658 4399; x_wconf 74' lang='lat' dir='ltr'><strong>omnipoten3‚</strong></span> <span class='ocrx_word' id='word_1_183' title='bbox 1706 4325 1953 4374; x_wconf 89' lang='lat' dir='ltr'><strong>rerum</strong></span> <span class='ocrx_word' id='word_1_184' title='bbox 1990 4299 2111 4373; x_wconf 91' lang='lat' dir='ltr'><strong>cui</strong></span> <span class='ocrx_word' id='word_1_185' title='bbox 2146 4326 2437 4377; x_wconf 88' lang='lat' dir='ltr'><strong>summa</strong></span> <span class='ocrx_word' id='word_1_186' title='bbox 2468 4310 2815 4401; x_wconf 78' lang='lat' dir='ltr'><strong>potestas,</strong></span> 
     </span>
    </p>
   </div>
  </div>
 </body>
</html>
