<?xml version="1.0" encoding="UTF-8"?>
<!DOCTYPE html PUBLIC "-//W3C//DTD XHTML 1.0 Transitional//EN"
    "http://www.w3.org/TR/xhtml1/DTD/xhtml1-transitional.dtd">
<html xmlns="http://www.w3.org/1999/xhtml" xml:lang="en" lang="en">
 <head>
  <title>
</title>
<meta http-equiv="Content-Type" content="text/html;charset=utf-8" />
  <meta name='ocr-system' content='tesseract 3.04.00' />
  <meta name='ocr-capabilities' content='ocr_page ocr_carea ocr_par ocr_line ocrx_word'/>
</head>
<body>
  <div class='ocr_page' id='page_1' title='image "./publiusvergiliu01virggoog/publiusvergiliu01virggoog_0137.png"; bbox 0 0 3234 5334; ppageno 0'>
   <div class='ocr_carea' id='block_1_1' title="bbox 680 602 2874 712">
    <p class='ocr_par' dir='ltr' id='par_1_1' title="bbox 680 602 2874 712">
     <span class='ocr_line' id='line_1_1' title="bbox 680 602 2874 712; baseline 0.002 -11"><span class='ocrx_word' id='word_1_1' title='bbox 680 637 813 703; x_wconf 65' lang='grc' dir='ltr'><strong>ηε</strong></span> <span class='ocrx_word' id='word_1_2' title='bbox 1528 628 1962 704; x_wconf 82' lang='lat' dir='ltr'><strong>AENE1s.</strong></span> <span class='ocrx_word' id='word_1_3' title='bbox 2393 602 2398 607; x_wconf 82' lang='grc'><em>’</em></span> <span class='ocrx_word' id='word_1_4' title='bbox 2547 655 2616 703; x_wconf 83' lang='lat' dir='ltr'><strong>v.</strong></span> <span class='ocrx_word' id='word_1_5' title='bbox 2652 640 2819 712; x_wconf 86' lang='lat'><strong>587.</strong></span> <span class='ocrx_word' id='word_1_6' title='bbox 2869 617 2874 627; x_wconf 82' lang='lat'>&#39;</span> 
     </span>
    </p>
   </div>
   <div class='ocr_carea' id='block_1_2' title="bbox 566 824 2863 4365">
    <p class='ocr_par' dir='ltr' id='par_1_2' title="bbox 575 824 2863 2574">
     <span class='ocr_line' id='line_1_2' title="bbox 666 824 2764 923; baseline 0.001 -24"><span class='ocrx_word' id='word_1_7' title='bbox 666 826 760 899; x_wconf 93' lang='lat' dir='ltr'><strong>In</strong></span> <span class='ocrx_word' id='word_1_8' title='bbox 796 824 1062 917; x_wconf 80' lang='lat' dir='ltr'><strong>medic,</strong></span> <span class='ocrx_word' id='word_1_9' title='bbox 1110 824 1503 923; x_wconf 84' lang='lat' dir='ltr'><strong>chlamyde</strong></span> <span class='ocrx_word' id='word_1_10' title='bbox 1538 835 1619 899; x_wconf 87' lang='lat' dir='ltr'><strong>et</strong></span> <span class='ocrx_word' id='word_1_11' title='bbox 1651 824 1870 923; x_wconf 88' lang='lat' dir='ltr'><strong>pictis</strong></span> <span class='ocrx_word' id='word_1_12' title='bbox 1909 836 2351 923; x_wconf 86' lang='lat' dir='ltr'><strong>conspectus</strong></span> <span class='ocrx_word' id='word_1_13' title='bbox 2387 826 2468 899; x_wconf 92' lang='lat' dir='ltr'><strong>in</strong></span> <span class='ocrx_word' id='word_1_14' title='bbox 2505 828 2764 917; x_wconf 80' lang='lat' dir='ltr'><strong>armis3</strong></span> 
     </span>
     <span class='ocr_line' id='line_1_3' title="bbox 666 941 2360 1060; baseline 0 -23"><span class='ocrx_word' id='word_1_15' title='bbox 666 963 927 1049; x_wconf 84' lang='lat' dir='ltr'><strong>Qualis</strong></span> <span class='ocrx_word' id='word_1_16' title='bbox 964 962 1093 1037; x_wconf 89' lang='lat' dir='ltr'><strong>ubi</strong></span> <span class='ocrx_word' id='word_1_17' title='bbox 1126 961 1390 1037; x_wconf 87' lang='lat' dir='ltr'><strong>oceani</strong></span> <span class='ocrx_word' id='word_1_18' title='bbox 1423 961 1762 1060; x_wconf 86' lang='lat' dir='ltr'><strong>perfusus</strong></span> <span class='ocrx_word' id='word_1_19' title='bbox 1799 961 2102 1037; x_wconf 85' lang='lat' dir='ltr'>Lucifer</span> <span class='ocrx_word' id='word_1_20' title='bbox 2135 941 2360 1055; x_wconf 80' lang='lat' dir='ltr'><strong>unda,</strong></span> 
     </span>
     <span class='ocr_line' id='line_1_4' title="bbox 666 1099 2579 1199; baseline 0.001 -26"><span class='ocrx_word' id='word_1_21' title='bbox 666 1101 912 1186; x_wconf 84' lang='lat' dir='ltr'><strong>Quem</strong></span> <span class='ocrx_word' id='word_1_22' title='bbox 944 1102 1201 1174; x_wconf 84' lang='lat' dir='ltr'><strong>Venus</strong></span> <span class='ocrx_word' id='word_1_23' title='bbox 1236 1111 1413 1174; x_wconf 87' lang='lat' dir='ltr'><strong>ante</strong></span> <span class='ocrx_word' id='word_1_24' title='bbox 1449 1100 1629 1173; x_wconf 90' lang='lat' dir='ltr'><strong>alios</strong></span> <span class='ocrx_word' id='word_1_25' title='bbox 1663 1112 2030 1174; x_wconf 74' lang='lat' dir='ltr'>astrorum</span> <span class='ocrx_word' id='word_1_26' title='bbox 2063 1099 2312 1199; x_wconf 87' lang='lat' dir='ltr'>diligit</span> <span class='ocrx_word' id='word_1_27' title='bbox 2344 1100 2579 1199; x_wconf 77' lang='lat' dir='ltr'><strong>igne8‚</strong></span> 
     </span>
     <span class='ocr_line' id='line_1_5' title="bbox 575 1237 2541 1335; baseline -0.001 -23"><span class='ocrx_word' id='word_1_28' title='bbox 575 1268 581 1273; x_wconf 76' lang='grc'><strong>’</strong></span> <span class='ocrx_word' id='word_1_29' title='bbox 661 1239 957 1312; x_wconf 86' lang='lat' dir='ltr'>Extulit</span> <span class='ocrx_word' id='word_1_30' title='bbox 991 1264 1070 1313; x_wconf 89' lang='lat' dir='ltr'><strong>os</strong></span> <span class='ocrx_word' id='word_1_31' title='bbox 1104 1264 1398 1313; x_wconf 86' lang='lat' dir='ltr'><strong>sacrum</strong></span> <span class='ocrx_word' id='word_1_32' title='bbox 1432 1240 1638 1330; x_wconf 86' lang='lat' dir='ltr'><strong>coe10,</strong></span> <span class='ocrx_word' id='word_1_33' title='bbox 1687 1237 2180 1335; x_wconf 78' lang='lat' dir='ltr'><strong>tenebrasque</strong></span> <span class='ocrx_word' id='word_1_34' title='bbox 2219 1239 2541 1312; x_wconf 88' lang='lat' dir='ltr'><strong>resolvit.</strong></span> 
     </span>
     <span class='ocr_line' id='line_1_6' title="bbox 662 1374 2802 1474; baseline 0 -25"><span class='ocrx_word' id='word_1_35' title='bbox 662 1377 878 1450; x_wconf 86' lang='lat' dir='ltr'><strong>Stant</strong></span> <span class='ocrx_word' id='word_1_36' title='bbox 910 1376 1191 1474; x_wconf 85' lang='lat' dir='ltr'><strong>pavidae</strong></span> <span class='ocrx_word' id='word_1_37' title='bbox 1226 1376 1305 1449; x_wconf 89' lang='lat' dir='ltr'><strong>in</strong></span> <span class='ocrx_word' id='word_1_38' title='bbox 1340 1376 1567 1450; x_wconf 87' lang='lat' dir='ltr'><strong>muris</strong></span> <span class='ocrx_word' id='word_1_39' title='bbox 1602 1388 1876 1449; x_wconf 87' lang='lat' dir='ltr'><strong>matres</strong></span> <span class='ocrx_word' id='word_1_40' title='bbox 1894 1403 1939 1465; x_wconf 83' lang='lat'><strong>3-</strong></span> <span class='ocrx_word' id='word_1_41' title='bbox 1975 1374 2354 1473; x_wconf 86' lang='lat' dir='ltr'><strong>oculisque</strong></span> <span class='ocrx_word' id='word_1_42' title='bbox 2387 1384 2802 1473; x_wconf 88' lang='lat' dir='ltr'><strong>sequuntur</strong></span> 
     </span>
     <span class='ocr_line' id='line_1_7' title="bbox 660 1512 2542 1612; baseline 0 -27"><span class='ocrx_word' id='word_1_43' title='bbox 660 1513 1096 1587; x_wconf 89' lang='lat' dir='ltr'><strong>Pulveream</strong></span> <span class='ocrx_word' id='word_1_44' title='bbox 1130 1513 1431 1605; x_wconf 89' lang='lat' dir='ltr'><strong>nubem,</strong></span> <span class='ocrx_word' id='word_1_45' title='bbox 1476 1524 1555 1587; x_wconf 90' lang='lat' dir='ltr'><strong>et</strong></span> <span class='ocrx_word' id='word_1_46' title='bbox 1585 1512 1966 1612; x_wconf 84' lang='lat' dir='ltr'><strong>fulgentes</strong></span> <span class='ocrx_word' id='word_1_47' title='bbox 2000 1537 2142 1586; x_wconf 87' lang='lat' dir='ltr'><strong>aere</strong></span> <span class='ocrx_word' id='word_1_48' title='bbox 2183 1524 2542 1587; x_wconf 73' lang='lat' dir='ltr'><strong>catervas,</strong></span> 
     </span>
     <span class='ocr_line' id='line_1_8' title="bbox 661 1649 2436 1749; baseline 0.001 -27"><span class='ocrx_word' id='word_1_49' title='bbox 661 1650 810 1723; x_wconf 94' lang='lat' dir='ltr'>Olli</span> <span class='ocrx_word' id='word_1_50' title='bbox 844 1676 977 1748; x_wconf 90' lang='lat' dir='ltr'><strong>per</strong></span> <span class='ocrx_word' id='word_1_51' title='bbox 1008 1652 1291 1747; x_wconf 67' lang='lat' dir='ltr'><strong>dumos,</strong></span> <span class='ocrx_word' id='word_1_52' title='bbox 1338 1676 1487 1749; x_wconf 89' lang='lat' dir='ltr'><strong>qua</strong></span> <span class='ocrx_word' id='word_1_53' title='bbox 1519 1652 1860 1748; x_wconf 82' lang='lat' dir='ltr'><strong>proxima</strong></span> <span class='ocrx_word' id='word_1_54' title='bbox 1891 1663 2097 1725; x_wconf 89' lang='lat' dir='ltr'><strong>meta</strong></span> <span class='ocrx_word' id='word_1_55' title='bbox 2129 1649 2436 1741; x_wconf 82' lang='lat' dir='ltr'><strong>viarum,</strong></span> 
     </span>
     <span class='ocr_line' id='line_1_9' title="bbox 660 1787 2557 1887; baseline 0.001 -25"><span class='ocrx_word' id='word_1_56' title='bbox 660 1788 1349 1863; x_wconf 85' lang='lat' dir='ltr'><strong>Armatitendunt:</strong></span> <span class='ocrx_word' id='word_1_57' title='bbox 1404 1789 1467 1863; x_wconf 90' lang='lat' dir='ltr'><strong>it</strong></span> <span class='ocrx_word' id='word_1_58' title='bbox 1502 1789 1800 1879; x_wconf 86' lang='lat' dir='ltr'><strong>clamor,</strong></span> <span class='ocrx_word' id='word_1_59' title='bbox 1848 1800 1944 1880; x_wconf 90' lang='lat' dir='ltr'><strong>et,</strong></span> <span class='ocrx_word' id='word_1_60' title='bbox 1994 1788 2296 1887; x_wconf 85' lang='lat' dir='ltr'><strong>agmine</strong></span> <span class='ocrx_word' id='word_1_61' title='bbox 2329 1787 2557 1880; x_wconf 87' lang='lat' dir='ltr'><strong>fact0,</strong></span> 
     </span>
     <span class='ocr_line' id='line_1_10' title="bbox 662 1926 2863 2025; baseline -0 -25"><span class='ocrx_word' id='word_1_62' title='bbox 662 1927 1303 2024; x_wconf 85' lang='lat' dir='ltr'><strong>Quadrupedante</strong></span> <span class='ocrx_word' id='word_1_63' title='bbox 1322 1939 1617 2025; x_wconf 88' lang='lat' dir='ltr'><strong>putrem</strong></span> <span class='ocrx_word' id='word_1_64' title='bbox 1641 1926 1892 1999; x_wconf 88' lang='lat' dir='ltr'><strong>sonitu</strong></span> <span class='ocrx_word' id='word_1_65' title='bbox 1914 1926 2160 2024; x_wconf 86' lang='lat' dir='ltr'><strong>quatit</strong></span> <span class='ocrx_word' id='word_1_66' title='bbox 2185 1926 2474 2023; x_wconf 88' lang='lat' dir='ltr'><strong>ungula</strong></span> <span class='ocrx_word' id='word_1_67' title='bbox 2495 1950 2863 2023; x_wconf 89' lang='lat' dir='ltr'><strong>campum.</strong></span> 
     </span>
     <span class='ocr_line' id='line_1_11' title="bbox 658 2062 2650 2163; baseline 0.001 -25"><span class='ocrx_word' id='word_1_68' title='bbox 658 2065 792 2138; x_wconf 89' lang='lat' dir='ltr'><strong>Est</strong></span> <span class='ocrx_word' id='word_1_69' title='bbox 812 2065 1092 2163; x_wconf 85' lang='lat' dir='ltr'><strong>ingens</strong></span> <span class='ocrx_word' id='word_1_70' title='bbox 1126 2064 1458 2163; x_wconf 86' lang='lat' dir='ltr'><strong>gelidum</strong></span> <span class='ocrx_word' id='word_1_71' title='bbox 1494 2066 1708 2137; x_wconf 86' lang='lat' dir='ltr'><strong>lucus</strong></span> <span class='ocrx_word' id='word_1_72' title='bbox 1738 2088 1970 2161; x_wconf 85' lang='lat' dir='ltr'><strong>prope</strong></span> <span class='ocrx_word' id='word_1_73' title='bbox 2007 2062 2292 2137; x_wconf 89' lang='lat' dir='ltr'><strong>Caeritis</strong></span> <span class='ocrx_word' id='word_1_74' title='bbox 2333 2086 2650 2154; x_wconf 87' lang='lat' dir='ltr'><strong>amnem,</strong></span> 
     </span>
     <span class='ocr_line' id='line_1_12' title="bbox 659 2178 2533 2300; baseline -0.001 -26"><span class='ocrx_word' id='word_1_75' title='bbox 659 2201 1077 2300; x_wconf 85' lang='lat' dir='ltr'><strong>Relligione</strong></span> <span class='ocrx_word' id='word_1_76' title='bbox 1111 2214 1409 2299; x_wconf 87' lang='lat' dir='ltr'><strong>patrum</strong></span> <span class='ocrx_word' id='word_1_77' title='bbox 1436 2178 1594 2275; x_wconf 33' lang='lat' dir='ltr'><strong>&#39;late</strong></span> <span class='ocrx_word' id='word_1_78' title='bbox 1635 2226 1881 2276; x_wconf 86' lang='lat' dir='ltr'><strong>sacer:</strong></span> <span class='ocrx_word' id='word_1_79' title='bbox 1939 2200 2272 2299; x_wconf 89' lang='lat' dir='ltr'><strong>undique</strong></span> <span class='ocrx_word' id='word_1_80' title='bbox 2309 2200 2533 2273; x_wconf 90' lang='lat' dir='ltr'><strong>colles</strong></span> 
     </span>
     <span class='ocr_line' id='line_1_13' title="bbox 661 2337 2595 2438; baseline -0.001 -27"><span class='ocrx_word' id='word_1_81' title='bbox 661 2338 1040 2412; x_wconf 88' lang='lat' dir='ltr'><strong>Inclusere</strong></span> <span class='ocrx_word' id='word_1_82' title='bbox 1076 2338 1261 2429; x_wconf 89' lang='lat' dir='ltr'><strong>cavi,</strong></span> <span class='ocrx_word' id='word_1_83' title='bbox 1308 2349 1389 2411; x_wconf 86' lang='lat' dir='ltr'><strong>et</strong></span> <span class='ocrx_word' id='word_1_84' title='bbox 1418 2338 1640 2438; x_wconf 86' lang='lat' dir='ltr'><strong>nigra</strong></span> <span class='ocrx_word' id='word_1_85' title='bbox 1669 2364 1934 2412; x_wconf 86' lang='lat' dir='ltr'><strong>nemus</strong></span> <span class='ocrx_word' id='word_1_86' title='bbox 1970 2337 2214 2412; x_wconf 90' lang='lat' dir='ltr'><strong>abiete</strong></span> <span class='ocrx_word' id='word_1_87' title='bbox 2251 2337 2595 2435; x_wconf 89' lang='lat' dir='ltr'><strong>cingunt.</strong></span> 
     </span>
     <span class='ocr_line' id='line_1_14' title="bbox 655 2442 2436 2574; baseline -0.001 -25"><span class='ocrx_word' id='word_1_88' title='bbox 655 2476 978 2574; x_wconf 88' lang='lat' dir='ltr'><strong>Sylvano</strong></span> <span class='ocrx_word' id='word_1_89' title='bbox 1004 2442 1206 2549; x_wconf 56' lang='lat' dir='ltr'><strong>⁸fama</strong></span> <span class='ocrx_word' id='word_1_90' title='bbox 1244 2488 1357 2550; x_wconf 88' lang='lat' dir='ltr'><strong>est</strong></span> <span class='ocrx_word' id='word_1_91' title='bbox 1389 2489 1676 2550; x_wconf 88' lang='lat' dir='ltr'><strong>veteres</strong></span> <span class='ocrx_word' id='word_1_92' title='bbox 1707 2500 2034 2549; x_wconf 79' lang='lat' dir='ltr'><strong>sacrasse</strong></span> <span class='ocrx_word' id='word_1_93' title='bbox 2069 2475 2436 2573; x_wconf 81' lang='lat' dir='ltr'><strong>Pelasgos,</strong></span> 
     </span>
    </p>

    <p class='ocr_par' dir='ltr' id='par_1_3' title="bbox 566 2593 2824 3537">
     <span class='ocr_line' id='line_1_15' title="bbox 657 2593 2558 2711; baseline 0.001 -25"><span class='ocrx_word' id='word_1_94' title='bbox 657 2614 1025 2687; x_wconf 89' lang='lat' dir='ltr'><strong>Arvorum</strong></span> <span class='ocrx_word' id='word_1_95' title='bbox 1059 2614 1491 2711; x_wconf 88' lang='lat' dir='ltr'><strong>pecorisque</strong></span> <span class='ocrx_word' id='word_1_96' title='bbox 1527 2593 1690 2705; x_wconf 58' lang='lat' dir='ltr'><strong>deo{</strong></span> <span class='ocrx_word' id='word_1_97' title='bbox 1738 2614 2138 2710; x_wconf 88' lang='lat' dir='ltr'><strong>lucumque</strong></span> <span class='ocrx_word' id='word_1_98' title='bbox 2173 2612 2558 2710; x_wconf 90' lang='lat' dir='ltr'><strong>diemque,-</strong></span> 
     </span>
     <span class='ocr_line' id='line_1_16' title="bbox 566 2716 2441 2848; baseline 0.001 -26"><span class='ocrx_word' id='word_1_99' title='bbox 566 2716 573 2725; x_wconf 36' lang='lat'><strong><em>¹</em></strong></span> <span class='ocrx_word' id='word_1_100' title='bbox 660 2750 812 2835; x_wconf 84' lang='lat' dir='ltr'><strong>Qui</strong></span> <span class='ocrx_word' id='word_1_101' title='bbox 846 2750 1065 2848; x_wconf 87' lang='lat' dir='ltr'><strong>primi</strong></span> <span class='ocrx_word' id='word_1_102' title='bbox 1098 2752 1280 2824; x_wconf 91' lang='lat' dir='ltr'><strong>fines</strong></span> <span class='ocrx_word' id='word_1_103' title='bbox 1318 2728 1718 2847; x_wconf 59' lang='lat' dir='ltr'><strong>aliquanao</strong></span> <span class='ocrx_word' id='word_1_104' title='bbox 1751 2751 2080 2824; x_wconf 85' lang='lat' dir='ltr'><strong>habuere</strong></span> <span class='ocrx_word' id='word_1_105' title='bbox 2115 2750 2441 2823; x_wconf 75' lang='lat' dir='ltr'><strong>Latinos·</strong></span> 
     </span>
     <span class='ocr_line' id='line_1_17' title="bbox 659 2858 2824 2986; baseline 0 -27"><span class='ocrx_word' id='word_1_106' title='bbox 659 2887 886 2959; x_wconf 85' lang='lat' dir='ltr'><strong>Haud</strong></span> <span class='ocrx_word' id='word_1_107' title='bbox 920 2888 1177 2985; x_wconf 89' lang='lat' dir='ltr'><strong>procul</strong></span> <span class='ocrx_word' id='word_1_108' title='bbox 1211 2887 1389 2961; x_wconf 91' lang='lat' dir='ltr'><strong>hinc</strong></span> <span class='ocrx_word' id='word_1_109' title='bbox 1416 2888 1711 2960; x_wconf 86' lang='lat' dir='ltr'><strong>Tarcho</strong></span> <span class='ocrx_word' id='word_1_110' title='bbox 1747 2900 1824 2962; x_wconf 90' lang='lat' dir='ltr'><strong>et</strong></span> <span class='ocrx_word' id='word_1_111' title='bbox 1856 2888 2228 2986; x_wconf 86' lang='lat' dir='ltr'><strong>Tyrrheni</strong></span> <span class='ocrx_word' id='word_1_112' title='bbox 2261 2900 2430 2961; x_wconf 87' lang='lat' dir='ltr'><strong>tuta</strong></span> <span class='ocrx_word' id='word_1_113' title='bbox 2461 2858 2824 2963; x_wconf 84' lang='lat' dir='ltr'><strong>tenebant</strong></span> 
     </span>
     <span class='ocr_line' id='line_1_18' title="bbox 662 3025 2484 3122; baseline 0.001 -25"><span class='ocrx_word' id='word_1_114' title='bbox 662 3025 923 3097; x_wconf 82' lang='lat' dir='ltr'><strong>Castra</strong></span> <span class='ocrx_word' id='word_1_115' title='bbox 954 3026 1175 3114; x_wconf 84' lang='lat' dir='ltr'><strong>locis3</strong></span> <span class='ocrx_word' id='word_1_116' title='bbox 1235 3026 1579 3122; x_wconf 89' lang='lat' dir='ltr'><strong>celsoque</strong></span> <span class='ocrx_word' id='word_1_117' title='bbox 1612 3026 1853 3100; x_wconf 89' lang='lat' dir='ltr'><strong>omnis</strong></span> <span class='ocrx_word' id='word_1_118' title='bbox 1889 3025 1984 3099; x_wconf 91' lang='lat' dir='ltr'><strong>de</strong></span> <span class='ocrx_word' id='word_1_119' title='bbox 2021 3026 2210 3099; x_wconf 88' lang='lat' dir='ltr'><strong>colle</strong></span> <span class='ocrx_word' id='word_1_120' title='bbox 2245 3025 2484 3099; x_wconf 88' lang='lat' dir='ltr'><strong>videri</strong></span> 
     </span>
     <span class='ocr_line' id='line_1_19' title="bbox 654 3162 2490 3263; baseline 0.001 -28"><span class='ocrx_word' id='word_1_121' title='bbox 654 3162 701 3235; x_wconf 92' lang='lat' dir='ltr'>J</span> <span class='ocrx_word' id='word_1_122' title='bbox 706 3187 824 3235; x_wconf 90' lang='lat' dir='ltr'><strong>am</strong></span> <span class='ocrx_word' id='word_1_123' title='bbox 858 3175 1153 3260; x_wconf 85' lang='lat' dir='ltr'><strong>poterat</strong></span> <span class='ocrx_word' id='word_1_124' title='bbox 1186 3163 1404 3263; x_wconf 86' lang='lat' dir='ltr'><strong>legi0‚</strong></span> <span class='ocrx_word' id='word_1_125' title='bbox 1454 3176 1530 3237; x_wconf 89' lang='lat' dir='ltr'><strong>et</strong></span> <span class='ocrx_word' id='word_1_126' title='bbox 1564 3164 1734 3237; x_wconf 89' lang='lat' dir='ltr'><strong>latis</strong></span> <span class='ocrx_word' id='word_1_127' title='bbox 1769 3163 2130 3237; x_wconf 90' lang='lat' dir='ltr'><strong>tendebat</strong></span> <span class='ocrx_word' id='word_1_128' title='bbox 2163 3164 2242 3237; x_wconf 89' lang='lat' dir='ltr'><strong>in</strong></span> <span class='ocrx_word' id='word_1_129' title='bbox 2279 3164 2490 3237; x_wconf 87' lang='lat' dir='ltr'><strong>arvis.</strong></span> 
     </span>
     <span class='ocr_line' id='line_1_20' title="bbox 658 3298 2334 3406; baseline 0.001 -34"><span class='ocrx_word' id='word_1_130' title='bbox 658 3300 833 3374; x_wconf 92' lang='lat' dir='ltr'><strong>Huc</strong></span> <span class='ocrx_word' id='word_1_131' title='bbox 867 3312 1081 3398; x_wconf 89' lang='lat' dir='ltr'><strong>pater</strong></span> <span class='ocrx_word' id='word_1_132' title='bbox 1112 3302 1383 3375; x_wconf 87' lang='lat' dir='ltr'><strong>AEneas</strong></span> <span class='ocrx_word' id='word_1_133' title='bbox 1418 3313 1495 3375; x_wconf 87' lang='lat' dir='ltr'><strong>et</strong></span> <span class='ocrx_word' id='word_1_134' title='bbox 1528 3302 1722 3375; x_wconf 89' lang='lat' dir='ltr'><strong>bello</strong></span> <span class='ocrx_word' id='word_1_135' title='bbox 1756 3302 1953 3375; x_wconf 86' lang='lat' dir='ltr'><strong>lecta</strong></span> <span class='ocrx_word' id='word_1_136' title='bbox 1973 3298 2334 3406; x_wconf 82' lang='lat' dir='ltr'><strong>juventus</strong></span> 
     </span>
     <span class='ocr_line' id='line_1_21' title="bbox 654 3412 2630 3537; baseline -0.002 -25"><span class='ocrx_word' id='word_1_137' title='bbox 654 3438 1105 3529; x_wconf 89' lang='lat' dir='ltr'><strong>Succedunt,</strong></span> <span class='ocrx_word' id='word_1_138' title='bbox 1150 3436 1468 3535; x_wconf 85' lang='lat' dir='ltr'><strong>fessique</strong></span> <span class='ocrx_word' id='word_1_139' title='bbox 1506 3451 1583 3513; x_wconf 90' lang='lat' dir='ltr'><strong>et</strong></span> <span class='ocrx_word' id='word_1_140' title='bbox 1616 3463 1844 3536; x_wconf 88' lang='lat' dir='ltr'><strong>equos</strong></span> <span class='ocrx_word' id='word_1_141' title='bbox 1879 3454 1956 3513; x_wconf 88' lang='lat' dir='ltr'><strong>et</strong></span> <span class='ocrx_word' id='word_1_142' title='bbox 1994 3412 2303 3537; x_wconf 81' lang='lat' dir='ltr'><strong>corpora</strong></span> <span class='ocrx_word' id='word_1_143' title='bbox 2339 3453 2630 3515; x_wconf 88' lang='lat' dir='ltr'><strong>curant.</strong></span> 
     </span>
    </p>

    <p class='ocr_par' dir='ltr' id='par_1_4' title="bbox 800 3576 2650 3652">
     <span class='ocr_line' id='line_1_22' title="bbox 800 3576 2650 3652; baseline 0.002 -5"><span class='ocrx_word' id='word_1_144' title='bbox 800 3576 907 3648; x_wconf 92' lang='lat' dir='ltr'><strong>At</strong></span> <span class='ocrx_word' id='word_1_145' title='bbox 935 3576 1191 3648; x_wconf 88' lang='lat' dir='ltr'><strong>Venus</strong></span> <span class='ocrx_word' id='word_1_146' title='bbox 1227 3577 1562 3649; x_wconf 84' lang='lat' dir='ltr'><strong>aetherios</strong></span> <span class='ocrx_word' id='word_1_147' title='bbox 1598 3577 1797 3650; x_wconf 89' lang='lat' dir='ltr'><strong>inter</strong></span> <span class='ocrx_word' id='word_1_148' title='bbox 1831 3577 1974 3651; x_wconf 92' lang='lat' dir='ltr'><strong>dea</strong></span> <span class='ocrx_word' id='word_1_149' title='bbox 2009 3577 2330 3651; x_wconf 89' lang='lat' dir='ltr'><strong>candida</strong></span> <span class='ocrx_word' id='word_1_150' title='bbox 2361 3578 2650 3652; x_wconf 90' lang='lat' dir='ltr'><strong>nimbos</strong></span> 
     </span>
    </p>

    <p class='ocr_par' dir='ltr' id='par_1_5' title="bbox 655 3713 2816 4365">
     <span class='ocr_line' id='line_1_23' title="bbox 655 3713 2644 3813; baseline 0.003 -27"><span class='ocrx_word' id='word_1_151' title='bbox 655 3714 882 3786; x_wconf 84' lang='lat' dir='ltr'><strong>Dona</strong></span> <span class='ocrx_word' id='word_1_152' title='bbox 912 3713 1161 3786; x_wconf 87' lang='lat' dir='ltr'><strong>ferens</strong></span> <span class='ocrx_word' id='word_1_153' title='bbox 1196 3714 1490 3787; x_wconf 90' lang='lat' dir='ltr'><strong>aderat:</strong></span> <span class='ocrx_word' id='word_1_154' title='bbox 1548 3729 1958 3813; x_wconf 87' lang='lat' dir='ltr'><strong>natumque</strong></span> <span class='ocrx_word' id='word_1_155' title='bbox 1992 3716 2069 3788; x_wconf 94' lang='lat' dir='ltr'><strong>in</strong></span> <span class='ocrx_word' id='word_1_156' title='bbox 2105 3715 2298 3791; x_wconf 85' lang='lat' dir='ltr'><strong>valle</strong></span> <span class='ocrx_word' id='word_1_157' title='bbox 2331 3717 2644 3791; x_wconf 87' lang='lat' dir='ltr'><strong>reducta</strong></span> 
     </span>
     <span class='ocr_line' id='line_1_24' title="bbox 656 3850 2377 3949; baseline 0.001 -24"><span class='ocrx_word' id='word_1_158' title='bbox 656 3850 765 3925; x_wconf 92' lang='lat' dir='ltr'><strong>Ut</strong></span> <span class='ocrx_word' id='word_1_159' title='bbox 798 3851 1059 3948; x_wconf 88' lang='lat' dir='ltr'><strong>procul</strong></span> <span class='ocrx_word' id='word_1_160' title='bbox 1094 3851 1387 3949; x_wconf 87' lang='lat' dir='ltr'><strong>egelido</strong></span> <span class='ocrx_word' id='word_1_161' title='bbox 1422 3864 1792 3925; x_wconf 88' lang='lat' dir='ltr'><strong>secretum</strong></span> <span class='ocrx_word' id='word_1_162' title='bbox 1828 3852 2134 3926; x_wconf 88' lang='lat' dir='ltr'><strong>flumine</strong></span> <span class='ocrx_word' id='word_1_163' title='bbox 2165 3853 2377 3946; x_wconf 91' lang='lat' dir='ltr'><strong>vidit,</strong></span> 
     </span>
     <span class='ocr_line' id='line_1_25' title="bbox 655 3988 2482 4089; baseline 0.003 -27"><span class='ocrx_word' id='word_1_164' title='bbox 655 3988 957 4063; x_wconf 85' lang='lat' dir='ltr'><strong>Talibus</strong></span> <span class='ocrx_word' id='word_1_165' title='bbox 990 3988 1221 4063; x_wconf 87' lang='lat' dir='ltr'><strong>affata</strong></span> <span class='ocrx_word' id='word_1_166' title='bbox 1254 4002 1365 4063; x_wconf 90' lang='lat' dir='ltr'><strong>est</strong></span> <span class='ocrx_word' id='word_1_167' title='bbox 1399 3989 1640 4081; x_wconf 85' lang='lat' dir='ltr'><strong>dictis,</strong></span> <span class='ocrx_word' id='word_1_168' title='bbox 1686 4016 1908 4089; x_wconf 89' lang='lat' dir='ltr'><strong>seque</strong></span> <span class='ocrx_word' id='word_1_169' title='bbox 1944 3990 2215 4064; x_wconf 88' lang='lat' dir='ltr'><strong>obtulit</strong></span> <span class='ocrx_word' id='word_1_170' title='bbox 2249 3993 2482 4067; x_wconf 86' lang='lat' dir='ltr'><strong>ultro:</strong></span> 
     </span>
     <span class='ocr_line' id='line_1_26' title="bbox 655 4124 2278 4227; baseline 0.002 -28"><span class='ocrx_word' id='word_1_171' title='bbox 655 4126 773 4199; x_wconf 90' lang='lat' dir='ltr'><strong>En</strong></span> <span class='ocrx_word' id='word_1_172' title='bbox 807 4124 1143 4223; x_wconf 86' lang='lat' dir='ltr'><strong>perfecta</strong></span> <span class='ocrx_word' id='word_1_173' title='bbox 1174 4127 1320 4201; x_wconf 90' lang='lat' dir='ltr'><strong>mei</strong></span> <span class='ocrx_word' id='word_1_174' title='bbox 1354 4127 1711 4224; x_wconf 86' lang='lat' dir='ltr'><strong>promissa</strong></span> <span class='ocrx_word' id='word_1_175' title='bbox 1744 4127 2084 4227; x_wconf 82' lang='lat' dir='ltr'><strong>conjugis</strong></span> <span class='ocrx_word' id='word_1_176' title='bbox 2117 4142 2278 4203; x_wconf 86' lang='lat' dir='ltr'><strong>arte</strong></span> 
     </span>
     <span class='ocr_line' id='line_1_27' title="bbox 659 4263 2816 4365; baseline 0 -29"><span class='ocrx_word' id='word_1_177' title='bbox 659 4263 1018 4338; x_wconf 86' lang='lat' dir='ltr'><strong>Munera:</strong></span> <span class='ocrx_word' id='word_1_178' title='bbox 1074 4290 1175 4337; x_wconf 86' lang='lat' dir='ltr'><strong>ne</strong></span> <span class='ocrx_word' id='word_1_179' title='bbox 1207 4268 1383 4338; x_wconf 82' lang='lat' dir='ltr'><strong>inox</strong></span> <span class='ocrx_word' id='word_1_180' title='bbox 1418 4276 1549 4338; x_wconf 89' lang='lat' dir='ltr'><strong>aut</strong></span> <span class='ocrx_word' id='word_1_181' title='bbox 1585 4264 2014 4358; x_wconf 73' lang='lat' dir='ltr'><strong>Laurentes,</strong></span> <span class='ocrx_word' id='word_1_182' title='bbox 2059 4279 2257 4360; x_wconf 88' lang='lat' dir='ltr'><strong>nate,</strong></span> <span class='ocrx_word' id='word_1_183' title='bbox 2295 4266 2672 4365; x_wconf 68' lang='lat' dir='ltr'><strong>superbos,</strong></span> <span class='ocrx_word' id='word_1_184' title='bbox 2805 4327 2816 4337; x_wconf 92' lang='lat'><em>.</em></span> 
     </span>
    </p>
   </div>
  </div>
 </body>
</html>
