3234 5334
23 2109 25 2114 -
23 1841 30 2020 -vv———v
22 1741 31 1800 w—
23 1599 27 1729 —ss—
23 1529 25 1534 -
23 1487 25 1490 v

453 670 521 718 v.
559 655 722 720 301.
1194 643 1578 719 LIBER
1679 646 1904 734 XII„
2459 655 2592 720 251

456 842 845 916 Caesariem
895 841 1073 914 laeva
1108 841 1386 916 turbati
1425 842 1728 941 corripit
1761 842 2010 933 hostiS,

456 979 967 1076 Impressoque
1004 1005 1205 1079 genu
1242 981 1491 1053 nitens
1526 993 1738 1053 terrae
1772 980 2096 1078 applicat
2129 980 2364 1078 ipsum
2389 979 2432 1054 τ’

454 1115 572 1189 Sic
606 1116 849 1214 rigido
882 1117 1075 1190 latus
1112 1141 1287 1190 ense
1319 1115 1517 1190 ferit.
1627 1117 2036 1190 Podalirius
2071 1118 2332 1193 Alsum

456 1253 854 1345 Pastorem,
901 1257 1282 1352 primaque
1318 1254 1477 1327 acie
1512 1280 1646 1352 per
1681 1257 1832 1328 tela
1866 1269 2235 1346 ruentem,

455 1392 653 1465 Ense
688 1373 999 1489 sequens
1035 1392 1240 1465 nudo
1278 1392 1878 1490 superimminet:
1937 1393 2059 1466 ille
2095 1393 2334 1465 securi

452 1530 767 1603 Adversi
800 1530 1126 1603 frontem
1164 1530 1481 1604 mediam
1518 1542 2005 1627 mentumque
2041 1529 2354 1603 reducta

454 1666 773 1764 Disjicit,
824 1680 900 1740 et
933 1669 1363 1764 sparsolate
1405 1668 1602 1766 rigat
1637 1693 1842 1740 arma
1875 1691 2158 1740 cruore.

456 1804 605 1877 Olli
641 1805 828 1877 dura
860 1804 1067 1902 quies
1104 1807 1355 1878 oculos
1390 1818 1465 1878 et
1500 1803 1782 1878 ferreus
1819 1817 2042 1904 urget

456 1941 806 2031 Somnus;
865 1942 941 2014 in
980 1954 1327 2016 aeternam
1366 1941 1821 2015 clauduntur
1853 1941 2138 2017 lumina
2174 1956 2497 2015 noctem.

599 2080 705 2152 At
739 2079 899 2177 pius
928 2081 1196 2152 AEneas
1233 2078 1575 2151 dextram
1612 2079 1973 2152 tendebat
2007 2079 2388 2171 inermem,

457 2217 767 2290 Nudato
806 2216 1065 2314 capite,
1116 2229 1335 2313 atque
1372 2241 1539 2289 suos
1577 2218 1898 2289 clamore
1933 2216 2288 2290 vocabat:

456 2355 629 2440 Quo
665 2355 919 2428 ruitis?
971 2379 1223 2452 quaeve
1259 2355 1399 2427 ista
1435 2379 1698 2452 repens
1735 2354 2102 2428 discordia
2138 2356 2420 2453 surgit?

455 2492 524 2565 O
560 2493 903 2566 cohibete
940 2493 1117 2565 iras!
1177 2492 1409 2564 ictum
1432 2491 1591 2590 jam
1627 2491 1884 2589 foedus,
1935 2504 2010 2565 et
2045 2517 2301 2566 omnes

457 2629 897 2728 Compositae
936 2621 1174 2729 leges:
1232 2629 1413 2701 mihi
1444 2628 1569 2727 jus
1604 2654 2052 2703 concurrere
2087 2630 2257 2704 soli:

458 2767 590 2840 Me
624 2767 866 2858 sinite,
914 2780 1135 2864 atque
1174 2765 1463 2840 auferte
1504 2779 1784 2840 metus:
1845 2792 1986 2865 ego
2019 2766 2300 2841 foedera
2331 2767 2511 2842 faxo

454 2901 701 2992 Firma
734 2929 997 2977 manu:
1036 2905 1373 2977 Turnum
1399 2902 1557 3002 jam
1596 2904 1877 2977 debent
1910 2906 2064 2978 haec
2102 2905 2282 2978 mihi
2319 2930 2548 2979 sacra.

454 3042 611 3116 Has
648 3043 845 3115 inter
878 3067 1116 3133 voceS‚
1164 3042 1411 3114 media
1446 3042 1645 3116 inter
1679 3043 1858 3114 talia
1888 3042 2135 3132 verba,

452 3179 652 3252 Ecce
687 3179 846 3251 viro
880 3179 1196 3252 stridens
1234 3179 1365 3252 alis
1400 3180 1676 3277 allapsa
1711 3178 1988 3276 sagitta
2023 3191 2172 3253 est:

456 3317 841 3392 Incertum
876 3341 1020 3412 qua
1052 3317 1261 3415 pulsa
1293 3341 1543 3407 manu,
1592 3341 1738 3413 quo
1774 3317 2073 3394 turbine
2110 3317 2413 3408 adacta3

457 3453 645 3537 Quis
682 3466 971 3527 tantam
1007 3455 1301 3526 Rutulis
1338 3454 1654 3544 laudem,
1703 3479 2033 3545 casusne,
2081 3456 2382 3547 deusne,

452 3591 851 3664 Attulerit:
908 3615 1153 3688 pressa
1190 3603 1301 3664 est
1337 3591 1646 3689 insignis
1683 3592 1920 3690 gloria
1942 3590 2133 3664 'facti
2154 3621 2174 3681 3

456 3729 627 3802 Nec
663 3753 817 3802 sese
848 3729 1095 3802 AEneae
1118 3728 1436 3826 jactavit
1472 3730 1778 3803 vulnere
1815 3730 2218 3826 quisquam.

598 3868 915 3956 TurnuS,
962 3880 1047 3939 ut
1076 3866 1361 3938 AEnean
1400 3865 1792 3940 cedentem
1832 3891 1926 3940 ex
1965 3866 2263 3964 agmine
2299 3868 2507 3960 vidit,
2595 3913 2602 3920 -

450 4005 963 4102 Turbatosque
1000 4005 1247 4094 duceS‚
1295 4004 1537 4077 subita
1572 4029 1698 4100 spe
1735 4005 2060 4079 fervidus
2099 4005 2347 4080 ardet:

452 4142 702 4215 Poscit
738 4167 961 4240 equos
998 4132 1219 4239 atque
1256 4166 1459 4238 arma
1490 4142 1726 4232 simul,
1773 4143 2110 4240 saltuque
2147 4144 2502 4241 superbus

450 4279 747 4353 Emicat
782 4281 1221 4370 in.cur1·um‚·
1264 4289 1340 4352 et
1376 4277 1716 4352 manibus
1752 4278 2054 4354 molitur
2086 4281 2432 4354 habenas,
