3234 5334
703 636 846 706 140
1543 632 1638 709 AE
1661 604 1742 705 N
1764 632 1831 707 E
1852 632 1891 705 Ι
1914 632 1980 709 s.
2580 654 2650 703 v.
2698 630 2852 704 126.

687 828 911 905 Ultro
947 825 1232 905 animos
1271 828 1467 903 tollit
1501 827 1744 920 dictis,
1790 840 2018 928 atque
2052 829 2395 929 increpat
2426 829 2665 905 ultro:

685 966 1042 1067 Trojanos
1075 968 1232 1041 haec
1265 978 1600 1045 monstra
1630 980 1939 1067 petunt3
1994 970 2109 1055 his
2142 970 2191 1045 J
2197 970 2493 1068 uppiter
2524 969 2685 1067 ipse

687 1105 1074 1181 Auxilium
1111 1105 1410 1183 solitum
1447 1105 1755 1205 eripuit:
1811 1131 1967 1183 non
2003 1108 2159 1184 tela
2191 1132 2337 1183 nec
2370 1108 2587 1207 ignes

687 1242 1154 1343 Exspectant
1187 1242 1524 1321 Rutulos.
1615 1245 1826 1345 Ergo
1854 1219 2091 1321 maria
2123 1245 2333 1323 invia
2355 1243 2689 1336 Teucris,

687 1381 858 1455 Nee
895 1406 1057 1480 spes
1091 1382 1248 1459 ulla
1277 1380 1516 1483 fugae:
1561 1408 1813 1459 rerum
1846 1408 2015 1481 pars
2052 1384 2287 1459 altera
2318 1383 2675 1481 adempta
2703 1391 2819 1455 est
2831 1410 2853 1473 ;

683 1519 917 1593 Terra
951 1532 1204 1595 autem
1239 1520 1320 1596 in
1355 1521 1627 1597 nostris
1658 1520 2043 1613 manibus3
2100 1533 2216 1597 tot
2250 1520 2487 1597 millia
2517 1530 2785 1619 gentes

683 1659 919 1733 Arma
947 1658 1206 1735 ferunt
1241 1658 1470 1735 Italae.
1563 1660 1703 1735 Nil
1734 1686 1855 1735 me
1888 1659 2151 1737 fatalia.
2182 1671 2499 1749 terrent,

687 1796 760 1870 Si
797 1821 944 1894 qua
976 1786 1308 1897 Phryges
1343 1822 1492 1896 prae
1523 1822 1602 1875 se
1625 1796 1926 1895 jactant
1960 1822 2314 1897 responsa
2344 1797 2681 1874 deorum.

686 1935 813 2009 Sat
844 1934 1018 2009 fatis
1046 1936 1476 2033 Venerique
1511 1936 1773 2013 datum
1808 1937 2128 2036 tetigere
2164 1932 2363 2033 quod
2398 1960 2577 2010 arva

686 2072 978 2147 Fertilis
1011 2073 1360 2149 Ausoniae
1383 2074 1653 2151 Troes:
1708 2085 1886 2151 sunt
1920 2086 1999 2149 et
2032 2098 2201 2149 mea
2234 2084 2501 2149 contra

687 2212 870 2287 Fata
901 2212 1087 2287 mihi
1120 2212 1320 2287 ferro
1353 2215 1797 2289 sceleratam
1828 2212 2273 2291 exscindere
2303 2224 2634 2312 gentem,

689 2350 1035 2452 Conjuge
1073 2363 1450 2451 praerepta.
1547 2352 1723 2427 Nec
1756 2354 1947 2427 solos
1980 2352 2231 2452 tangit
2262 2350 2567 2431 Atridas

687 2488 844 2564 Iste
881 2490 1110 2582 dolor,
1155 2490 1472 2588 solisque
1509 2491 1693 2567 licet
1725 2514 1991 2589 capere
2028 2514 2238 2567 arma
2270 2487 2641 2587 Mycenis.

687 2627 830 2702 Sed
868 2628 1168 2727 periisse
1197 2628 1428 2705 semel
1461 2628 1639 2703 satis
1674 2641 1807 2705 est.
1916 2627 2239 2704 Peccare
2272 2625 2538 2705 fuisset

685 2766 890 2840 Ante
925 2766 1121 2858 satiS‚
1167 2766 1466 2865 penitus
1501 2766 1731 2841 modo
1758 2790 1915 2842 non
1948 2791 2187 2865 genus
2222 2790 2447 2843 omne
2480 2786 2777 2863 perosos

687 2904 1145 2981 Femineum.
1237 2904 1530 2991 Quibus
1563 2907 1724 2979 haec
1759 2904 1989 2981 medii
2022 2904 2300 2979 fiducia
2331 2902 2534 2993 valli,

689 3041 1219 3142 Fossatumque
1257 3068 1498 3136 morae,
1545 3044 1679 3118 leti
1716 3043 2149 3117 discrimina
2177 3066 2433 3141 parva,

687 3183 900 3256 Dant
935 3182 1242 3263 animos.
1335 3182 1442 3255 At
1473 3205 1633 3283 non
1664 3180 2017 3255 viderunt
2049 3180 2325 3255 moenia
2348 3176 2604 3277 Trqjae‚

688 3318 1036 3417 Neptuni
1068 3318 1436 3392 fabricata
1471 3344 1723 3410 manu,
1770 3318 2157 3393 considere
2194 3318 2271 3391 in
2308 3316 2568 3417 ignes?

686 3456 830 3530 Sed
863 3482 1016 3548 vos,
1059 3481 1106 3529 0
1139 3455 1343 3547 lecti,
1384 3454 1586 3531 ferro
1618 3456 1753 3553 qui
1782 3454 2125 3533 scindere
2158 3456 2439 3529 vallum
2522 3468 2537 3480 ‘

685 3596 1040 3694 Apparat‚
1087 3606 1167 3669 et
1198 3618 1497 3669 mecum
1533 3594 1825 3668 invadit
1856 3593 2313 3692 trepidantia
2346 3592 2633 3669 castra?

686 3733 767 3806 N
772 3757 867 3806 on
906 3731 1126 3806 armis
1161 3732 1342 3805 mihi
1374 3733 1721 3825 Vulcani,
1765 3756 1926 3807 non
1957 3732 2161 3805 mille
2197 3730 2491 3823 carinis,

687 3870 822 3945 Est
857 3896 1040 3970 opus
1074 3870 1152 3944 in
1179 3872 1528 3947 Teucros.
1622 3870 1933 3945 Addant
1968 3895 2045 3943 se
2081 3881 2435 3968 protenus
2470 3890 2731 3945 omnes

688 4009 986 4084 Etrusci
1021 4010 1292 4100 socios3
1350 4008 1702 4083 tenebras
1734 4021 1812 4084 et
1847 4009 2119 4083 inertia
2148 4007 2357 4083 fiirta

696 4147 1060 4243 [Palladii‚
1107 4148 1314 4222 caesis
1341 4172 1645 4221 summae
1680 4146 2113 4221 custodibus
2154 4140 2407 4240 arcis]

689 4285 816 4359 Ne
851 4284 1207 4382 timeant3
1264 4310 1409 4363 nec
1445 4286 1616 4384 equi
1654 4310 1857 4362 caeca
1886 4284 2301 4359 condemur.
2330 4284 2413 4357 in
2454 4283 2659 4358 alvo:
