3234 5334
645 635 780 703 124
1485 626 1915 701 AENEIS.
2492 653 2559 699 v.
2598 635 2777 701 485.

625 825 1100 921 Componens
1133 824 1624 923 manibusque
1656 849 1921 899 manus
1954 835 2175 924 atque
2209 822 2455 897 oribus
2490 846 2636 914 ora,

617 961 1004 1035 Tormenti
1039 965 1314 1062 genus!
1365 974 1444 1035 et
1477 962 1683 1037 sanie
1718 962 2035 1059 taboque
2070 962 2383 1035 fluentes

621 1099 1040 1199 Complexu
1077 1100 1154 1174 in
1185 1101 1456 1175 misero
1489 1103 1717 1199 longa
1750 1100 1855 1175 sic
1888 1111 2127 1174 morte
2160 1099 2499 1173 necabat.

617 1240 723 1312 At
756 1238 926 1311 fessi
963 1239 1270 1313 tandem
1307 1239 1506 1314 cives
1541 1238 1853 1312 infanda
1883 1237 2261 1313 furentem

615 1376 905 1451 Armati
942 1377 1502 1451 circumsistunt
1537 1378 1921 1476 ipsumque
1956 1377 2441 1473 domumque:

614 1515 1098 1588 Obtmneant
1133 1516 1406 1605 socios;
1465 1516 1723 1615 ignem
1758 1514 1853 1587 ad
1886 1513 2187 1613 fastigia
2208 1511 2526 1610 jactant.

614 1656 754 1728 Ille
791 1654 990 1729 inter
1021 1656 1298 1729 caedem
1335 1656 1782 1729 Rutulorum
1818 1655 2103 1752 elapsus
2137 1653 2212 1725 in
2252 1676 2465 1751 agros

614 1792 1064 1894 Confugere,
1113 1807 1190 1867 et
1223 1792 1459 1865 Turni
1493 1790 1885 1867 defendier
1916 1791 2220 1889 hospitis
2256 1790 2493 1867 armis·

611 1929 814 2029 Ergo
847 1932 1086 2005 omnis
1120 1929 1332 2005 furiis
1367 1930 1693 2004 surrexit
1726 1929 2027 2003 Etruria
2048 1928 2303 2027 justis;

611 2065 895 2167 Regem
933 2068 1027 2140 ad
1061 2068 1502 2166 supplicium
1538 2066 1877 2165 prasenti
1912 2067 2160 2151 Marte
2196 2074 2613 2162 reposcunt,
2646 2035 2652 2043 ι

608 2204 746 2277 His
783 2230 926 2303 ego
961 2218 1059 2296 te,
1105 2206 1362 2297 AEnea,
1410 2205 1801 2280 ductorem
1838 2204 2158 2278 millibus
2194 2203 2485 2276 addam.

604 2343 800 2416 Toto
832 2367 1155 2439 namque
1187 2343 1522 2417 fremunt
1557 2342 1951 2417 condensae
1984 2343 2231 2417 littore
2264 2364 2567 2439 puppes,

604 2479 980 2578 Signaque
1009 2478 1206 2553 ferre
1229 2479 1540 2577 jubent:
1597 2480 1876 2555 retinet
1905 2480 2279 2578 longaevus
2314 2480 2702 2575 haruspex,

604 2618 786 2692 Fata
821 2642 1138 2693 canens:
1198 2619 1269 2691 O
1307 2618 1645 2693 Maeoniae
1679 2618 1971 2693 delecta
1990 2616 2368 2716 juventuS,

601 2754 768 2829 Flos
799 2767 1136 2830 veterum
1163 2756 1544 2854 virtusque
1579 2756 1839 2847 virum,
1880 2781 2059 2853 quos
2082 2753 2326 2853 justus
2362 2754 2439 2827 in
2472 2756 2759 2835 hostem.

599 2890 774 2965 Fert
807 2892 1036 2983 dolor,
1081 2905 1161 2967 et
1193 2893 1461 2967 merita
1495 2892 1845 2967 accendit
1881 2894 2299 2967 Mezentius
2336 2891 2463 2984 ira,

601 3029 816 3103 Nulli
849 3030 961 3104 fas
1001 3030 1195 3103 Italo
1229 3042 1519 3106 tantam
1555 3028 2003 3129 subjungere
2038 3040 2381 3135 gentem3

597 3167 968 3241 Externos
1004 3178 1262 3267 optate
1293 3168 1542 3243 duces,
1636 3169 1826 3242 Tum
1863 3168 2181 3241 Etrusca
2212 3162 2485 3240 resedit

598 3303 767 3378 Hoc
803 3305 998 3379 acies
1035 3330 1322 3403 camp0,
1367 3305 1669 3379 monitis
1706 3304 2065 3380 exterrita
2098 3301 2369 3377 divum.

596 3442 768 3539 Ipse
804 3454 1132 3517 oratores
1169 3443 1264 3516 ad
1301 3468 1422 3517 me
1457 3444 1819 3543 regnique
1854 3432 2207 3517 corona'm

596 3578 792 3653 Cum
831 3590 1130 3678 sceptro
1163 3581 1384 3673 misit,
1430 3580 1886 3678 mandatque
1920 3580 2264 3679 insignia,
2301 3580 2614 3673 Tarch0,

591 3716 1000 3791 Succedam
1037 3718 1318 3811 castris,
1355 3720 1889 3817 Tyrrhenaque
1925 3742 2161 3817 regna
2196 3742 2589 3815 capessam.

588 3853 730 3926 Sed
767 3854 950 3926 mihi
987 3856 1202 3929 tarda
1234 3856 1413 3954 gelu
1447 3856 1821 3954 saeclisque
1858 3856 2085 3931 effeta
2116 3866 2459 3930 senectus

587 3990 888 4065 Invidet
924 3992 1335 4089 imperium,
1381 4017 1705 4090 seraeque
1748 3993 1843 4066 ad
1877 3991 2103 4066 fortia
2138 3993 2351 4073 vires,

586 4127 873 4203 Natum
913 4132 1366 4222 exhortarer,
1409 4131 1492 4203 ni
1528 4131 1805 4204 mixtus
1841 4142 2076 4204 matre
2112 4130 2399 4205 Sabella

585 4264 790 4337 Hinc
822 4278 1108 4363 partem
1142 4267 1396 4365 patriae
1429 4268 1779 4343 traheret.
1874 4269 2010 4359 Tu,
2062 4267 2269 4365 cujus
2306 4281 2382 4342 et
2418 4268 2634 4343 annis
