3234 5334
658 646 757 715 48
1517 638 1950 713 AENEIS.
2535 664 2602 713 v.
2643 649 2809 713 280.

657 836 1063 935 Vipereum
1098 836 1384 915 crinem
1418 835 1624 910 vittis
1658 837 1942 912 innexa
1975 837 2326 912 cruentis.

808 974 911 1047 In¹
936 975 1185 1049 medio
1216 998 1459 1049 ramos
1496 999 1924 1074 annosaque
1958 976 2266 1050 brachia
2297 974 2562 1073 pandit

655 1114 921 1195 Ulmus
958 1138 1213 1213 opaca,
1259 1114 1550 1214 ingens,
1600 1138 1826 1211 quam
1859 1114 2113 1187 sedem
2149 1114 2447 1188 Somnia
2477 1115 2708 1213 vulgo

655 1252 876 1327 Vana
908 1264 1175 1327 tenere.
1200 1250 1478 1345 ferunt,
1524 1251 1866 1350 foliisque
1901 1253 2037 1328 sub
2071 1252 2414 1327 omnibus
2448 1253 2752 1326 haerent.

658 1389 1053 1491 Multaque
1088 1402 1445 1499 praeterea
1475 1390 1850 1467 variarum
1883 1403 2218 1464 monstra
2249 1388 2598 1481 ferarum,

658 1526 1021 1604 Centauri
1058 1527 1137 1602 in
1171 1528 1453 1603 foribus
1486 1529 1892 1621 stabulant,
1939 1530 2340 1627 Scyllaeque
2372 1527 2746 1620 biformes,

653 1666 754 1741 Et
790 1666 1447 1767 centumgeminus
1484 1666 1848 1759 Briareus»,
1895 1690 1984 1740 ac
2018 1665 2270 1740 bellua
2302 1666 2562 1739 Lernae

655 1804 1137 1880 Horrendum
1174 1805 1515 1897 stridenS,
1562 1792 2023 1903 flammistiue
2059 1817 2345 1879 armata
2375 1804 2768 1895 Chimaera,
2815 1877 2824 1885 ,

656 1942 1073 2042 Gorgones,
1114 1944 1630 2041 Harpyiaeque,
1672 1956 1753 2017 et
1776 1942 2018 2017 forma
2050 1943 2475 2042 tricorporis
2509 1942 2808 2017 umbrae.

654 2079 981 2179 Corripit
1016 2080 1138 2152 hic
1172 2079 1419 2153 subita
1450 2080 1784 2178 trepidus
1819 2079 2219 2155 formidine
2253 2080 2534 2169 ferrum

652 2218 943 2310 AEneaS‚
990 2217 1477 2315 strictamque
1516 2218 1756 2293 aciem
1791 2190 2268 2294 uenientibus
2306 2220 2563 2294 offert:

648 2355 769 2447 Et,
810 2356 897 2429 ni
932 2356 1159 2430 docta
1194 2380 1440 2429 comes
1479 2369 1747 2430 tenues
1780 2356 1958 2430 sine·
1981 2382 2288 2456 corpore
2321 2359 2512 2432 vitas

649 2494 1078 2570 Admoneat
1110 2493 1422 2568 volitare
1460 2519 1645 2569 cava
1678 2494 1818 2567 sub
1854 2494 2184 2594 imagine
2219 2476 2492 2587 formae,

654 2629 923 2726 Irruat,
971 2644 1048 2706 et
1082 2631 1360 2707 frustra
1392 2616 1591 2706 ferro
1626 2632 2051 2707 diverberet
2084 2633 2404 2711 umbras·

801 2770 1005 2844 Hinc
1040 2771 1161 2843 via
1183 2770 1521 2843 Tartarei
1550 2796 1712 2869 quae
1743 2770 1893 2844 fert
1920 2772 2372 2845 Acherontis
2407 2772 2502 2845 ad
2537 2773 2816 2847 undas:

648 2905 1019 2982 Turbidus
1056 2907 1175 2981 hic
1214 2932 1426 2981 coeno
1460 2922 1820 3007 vastaque
1854 2900 2213 3009 'voragine
2251 2936 2527 3010 gurges

648 3044 964 3138 AEstuat,
1012 3056 1235 3144 atque
1272 3069 1573 3121 omnem
1603 3046 1896 3145 Cocyto
1933 3062 2228 3122 eructat
2263 3074 2586 3123 arenam.

650 3182 977 3259 Portitor
1009 3185 1141 3257 has
1176 3177 1591 3259 horrendus
1629 3210 1856 3299 aquas
1892 3197 1970 3259 et
2005 3186 2315 3261 fiumina
2349 3188 2597 3261 servat

646 3320 990 3397 Terribili
1024 3322 1361 3420 squalore
1401 3322 1729 3415 Charon,
1777 3324 1900 3398 cui
1935 3325 2256 3423 plurima
2289 3339 2549 3399 mento

649 3457 985 3533 Canities
1024 3458 1312 3533 inculta
1333 3459 1581 3559 jacet3
1640 3473 1848 3537 stant
1881 3464 2170 3536 lumina
2202 3465 2538 3554 flamma;

646 3570 995 3671 Sordidus
1034 3621 1131 3670 ex
1168 3598 1493 3671 humeris
1528 3599 1734 3673 nodo
1768 3600 2147 3699 dependet
2181 3603 2522 3677 amictus.

644 3734 813 3834 Ipse
850 3748 1090 3814 ratem
1128 3748 1355 3810 conto
1388 3736 1694 3836 subigit,
1739 3740 2068 3838 velisque
2109 3741 2506 3832 ministrat,

644 3872 745 3949 Et
778 3872 1215 3974 ferruginea
1248 3875 1644 3949 subvectat
1679 3901 1992 3976 corpora
2025 3879 2296 3977 cymba
2314 3908 2332 3969 3

641 4008 690 4083 J
696 4034 817 4083 am
852 4013 1119 4104 senior,
1166 4012 1297 4085 sed
1332 4013 1569 4087 cruda
1600 4014 1746 4088 deo
1780 4015 2180 4114 viridisque
2215 4030 2584 4092 senectus,

645 4148 821 4221 Huc
856 4150 1095 4223 omnis
1132 4150 1355 4225 turba
1386 4151 1483 4224 ad
1516 4151 1714 4249 ripas
1751 4152 1988 4225 effusa
2019 4154 2324 4230 ruebat:

640 4286 951 4379 MatreS,
997 4299 1222 4386 atque
1254 4288 1415 4382 viri,
1462 4288 1974 4389 defunctaque
2009 4318 2322 4393 corpora
2355 4294 2514 4370 vita
