3234 5334
1122 992 1558 1073 LIBER
1670 994 1811 1073 IX.

383 1275 676 1353 Amos
728 1298 818 1347 ea
851 1274 1142 1349 diversa
1174 1279 1470 1376 penitus
1505 1278 1686 1351 dum
1722 1290 1935 1376 parte
1972 1286 2358 1375 geruntur,

385 1409 564 1484 Irim
601 1412 696 1485 de
731 1413 918 1514 coelo
953 1414 1154 1487 misit
1189 1416 1535 1489 Saturnia
1565 1414 1612 1489 J
1622 1439 1773 1487 uno

381 1540 769 1623 Audacem
807 1550 900 1623 ad
933 1553 1292 1627 Turnum.
1391 1552 1598 1625 Luco
1632 1565 1793 1625 tum
1830 1550 2025 1625 forte
2058 1548 2383 1649 parentis

384 1685 710 1760 Pilumni
743 1688 1040 1761 Turnus
1083 1672 1374 1764 sacrata
1405 1690 1596 1763 valle
1632 1690 1958 1763 sedebat.

383 1824 504 1899 Ad
539 1850 760 1922 quem
795 1826 900 1902 sic
935 1852 1147 1901 roseo
1173 1828 1709 1902 Thaumantias
1744 1852 1870 1899 ore
1904 1828 2159 1901 locuta
2192 1838 2341 1898 estc

531 1949 806 2055 Turne,
853 1962 1052 2061 quod
1085 1966 1378 2063 optanti
1413 1965 1667 2039 divum
1702 1964 2137 2062 promittere
2172 1986 2395 2036 nemo

384 2100 742 2193 Auderet‚
788 2102 1161 2176 volvenda
1193 2101 1348 2177 dies
1386 2128 1480 2175 en
1520 2101 1775 2175 attulit
1808 2102 2043 2175 ultro:

385 2238 677 2331 AEneaS,
726 2239 930 2330 urbe,
979 2251 1056 2312 et
1091 2240 1328 2331 sociis,
1375 2252 1452 2313 et
1487 2239 1719 2312 classe
1753 2238 2037 2330 relicta,

389 2377 696 2474 Sceptra
730 2377 1048 2450 Palatini
1085 2377 1484 2475 sedemque
1518 2376 1709 2475 petit
1743 2376 2092 2449 Evandri.
2155 2446 2163 2457 ,

301 2508 306 2511 ’
385 2514 562 2593 ‚Nec
599 2514 811 2589 satis:
869 2526 1241 2589 extremas
1281 2514 1597 2613 Corythi
1634 2513 2056 2613 penetravit
2092 2513 2185 2585 ad
2222 2511 2477 2600 urbes3

393 2634 918 2750 Lydorumque
953 2678 1282 2743 manum,
1331 2654 1685 2725 collectos
1722 2663 1961 2761 armat
1996 2662 2343 2749 agrestes,

395 2789 598 2874 Quid
657 2790 996 2867 dubitas?
1064 2814 1272 2863 nunc
1333 2802 1627 2887 tempus
1684 2804 1929 2887 equ'OS,
1998 2814 2205 2862 nunc
2260 2808 2563 2886 poscere

541 2916 840 3002 currus:
2007 3025 2012 3029 .

394 3066 684 3165 Rumpe
719 3090 962 3139 moras
997 3090 1274 3159 omnes»,
1321 3078 1398 3139 et
1431 3040 1735 3141 turbata
1769 3066 2008 3162 arripe
2044 3076 2305 3137 castra.

540 3204 800 3293 Dixit3
861 3216 938 3278 et
973 3205 1051 3277 in
1091 3206 1355 3277 coelum
1390 3204 1689 3303 paribus
1724 3230 1801 3277 se
1836 3202 2135 3276 sustulit
2172 3201 2303 3273 alis
2322 3228 2342 3289 ;
2408 3230 2415 3239 ·

395 3340 947 3440 lugentemque
982 3340 1168 3441 fuga
1203 3342 1443 3415 secuit
1479 3343 1613 3415 sub
1650 3342 1971 3415 nubibus
2007 3364 2309 3431 areum.-

393 3479 732 3578 Agnovit
753 3477 1074 3576 juveniS,
1123 3479 1598 3577 duplicesque
1640 3480 1733 3552 ad
1769 3479 2013 3552 sidera
2045 3479 2324 3576 palmas

301 3670 306 3677 -
397 3617 728 3709 Sustulit,
777 3629 852 3690 et
887 3616 1022 3693 tali
1054 3617 1476 3715 fugientem
1514 3630 1627 3690 est
1660 3641 1849 3689 voce
1882 3628 2218 3691 secutus:

380 3754 522 3845 Iri,
573 3754 802 3827 decus
839 3753 1025 3846 coeli,
1073 3754 1236 3851 quis
1271 3767 1347 3827 te
1383 3754 1565 3827 mihi
1601 3754 1925 3828 nubibus
1962 3732 2207 3827 actam

397 3890 697 3966 Detulit
731 3892 810 3965 in
845 3892 1124 3965 terras?
1175 3892 1378 3965 unde
1414 3893 1570 3989 haec
1605 3905 1761 3966 tam
1798 3892 2000 3965 clara
2033 3903 2344 3989 repente

397 4030 874 4128 Tempestas?
925 4029 1257 4103 medium
1291 4030 1510 4103 video
1544 4029 1926 4103 discedere
1963 4030 2251 4119 coelum,

381 4167 894 4265 *Palantesque
929 4169 1098 4265 polo
1131 4134 1416 4241 stellas:
1475 4191 1740 4265 sequor
1774 4166 2027 4239 omina
2058 4177 2294 4257 tanta,

393 4299 756 4405 'Quisquis
793 4308 868 4380 in
910 4330 1114 4386 arma
1147 4281 1415 4417 vocas...
1483 4305 1582 4383 Et
1616 4304 1723 4381 sic
1760 4304 2025 4403 effatus
2062 4304 2157 4379 ad
2196 4302 2475 4407 undam
