3234 5334
656 608 755 677 44
1282 704 1299 719 ο
1516 602 1950 677 AENEIS.
2532 626 2600 675 v.
2649 609 2803 682 177.

651 800 1083 899 Congerere
1118 796 1522 892 arboribus,
1570 801 1904 897 coeloque
1937 798 2260 873 educere
2297 805 2611 872 certant.

652 939 819 1012 Itur
854 937 932 1011 in
970 939 1355 1035 antiquam
1388 940 1696 1037 sylvam,
1740 936 2036 1013 stabula
2065 938 2222 1011 alta
2251 935 2614 1010 ferarum:

648 1074 1164 1151 Procumbunt
1196 1076 1427 1176 piceae
1442 1103 1463 1168 ;
1520 1087 1740 1149 sonat
1771 1076 1928 1149 ieta
1957 1073 2340 1149 securibus
2375 1073 2565 1164 ilex3

646 1214 1177 1313 Fraxineaeque
1211 1215 1483 1305 trabes,
1530 1215 1794 1287 cuneis
1827 1228 1908 1287 et
1939 1212 2160 1295 fissile
2191 1211 2421 1286 robur
2553 1291 2562 1305 ,

644 1353 1027 1453 Scinditur
1040 1380 1063 1443 3
1121 1353 1536 1427 advolvunt
1568 1353 1918 1451 ingentes
1951 1350 2332 1425 montibus
2369 1374 2608 1424 ornos.

644 1491 818 1565 Nec
853 1516 1007 1564 non
1041 1492 1313 1565 AEneas
1348 1516 1575 1591 opera
1606 1490 1809 1563 inter
1841 1489 2023 1563 talia
2053 1490 2334 1587 primus

646 1630 1013 1704 Hortatur
1046 1630 1302 1722 socios,
1346 1629 1794 1727 paribusque
1831 1628 2046 1702 acciu
2051 1628 2261 1727 gitur
2295 1626 2551 1700 armis:

643 1768 894 1866 Atque
930 1769 1087 1842 haec
1124 1768 1277 1866 ipse
1312 1790 1448 1841 suo
1480 1766 1678 1841 tristi
1715 1790 1888 1839 cum
1923 1765 2150 1838 corde
2185 1764 2497 1855 volutat,
2579 1814 2588 1821 ·

641 1905 1111 2005 Adspectans
1142 1905 1427 2003 sylvam
1462 1905 1923 1995 immensam,
1961 1915 2040 1976 et
2065 1903 2174 1976 sic
2199 1926 2384 1976 voce
2413 1912 2803 2001 precatur:

640 2044 715 2115 Si
751 2068 958 2116 nunc
994 2068 1072 2117 se
1108 2041 1319 2115 nobis
1358 2041 1482 2114 ille
1516 2066 1784 2114 aureus
1821 2039 2083 2113 arbore
2119 2064 2366 2113 ramus

641 2179 1015 2253 Ostendat
1048 2203 1353 2253 nemore
1389 2178 1469 2251 in
1504 2181 1759 2251 tanto!
1817 2177 2120 2275 quando
2153 2177 2406 2251 omnia
2439 2200 2632 2269 vere,

640 2318 853 2391 Heu!
908 2316 1227 2390 nimium
1261 2315 1357 2389 de
1391 2328 1470 2389 te
1505 2328 1734 2408 vates,
1783 2315 2103 2409 Misene,
2150 2316 2405 2389 locuta
2437 2326 2572 2389 est.

638 2455 792 2528 Vix
828 2479 919 2527 ea
949 2452 1149 2529 fatus
1186 2440 1367 2545 erat,
1412 2452 1734 2552 geminae
1767 2478 1999 2551 quum
2033 2451 2229 2527 forte
2265 2440 2624 2527 columbae

642 2591 815 2690 Ipsa
844 2593 982 2666 sub
1018 2616 1151 2665 ora
1182 2592 1323 2666 viri
1358 2592 1544 2665 coelo
1576 2615 1851 2665 venere
1887 2592 2246 2683 volanteS,

636 2730 738 2803 Et
754 2718 990 2804 'viridi
1024 2729 1282 2803 sedere
1317 2729 1493 2803 solo,
1584 2730 1782 2804 Tum
1815 2730 2186 2803 maximus
2220 2731 2436 2804 heros

637 2869 1025 2944 Mater-nas
1063 2866 1406 2967 agnoscit
1440 2892 1634 2959 aveS,
1679 2869 2037 2967 laetusque
2069 2881 2454 2967 precatur:

634 3007 812 3082 Este
846 3006 1096 3099 duceS‚
1142 3031 1209 3099 0,
1256 3005 1319 3079 si
1352 3029 1503 3103 qua
1534 3006 1659 3079 via
1695 3018 1829 3098 est,
1878 3030 2325 3105 cursumque
2359 3030 2494 3104 per
2526 3029 2741 3079 auras

632 3145 973 3244 Dirigite,
996 3145 1075 3218 in
1111 3146 1321 3218 lucos
1356 3143 1484 3217 ubi
1519 3142 1880 3243 pinguem
1917 3144 2123 3219 dives
2159 3156 2428 3242 opacat

634 3283 909 3357 Ramus
944 3283 1277 3356 humum.
1369 3281 1656 3379 Tuque,¹
1701 3306 1767 3374 0,
1815 3282 2058 3357 dubiis
2092 3307 2190 3357 ne
2228 3281 2464 3356 defice
2499 3280 2740 3374 rebus,

632 3420 833 3495 Diva
864 3443 1183 3518 parens..
1260 3418 1392 3504 Sic,
1418 3419 1709 3511 effatuS‚
1755 3420 2074 3519 vestigia
2104 3420 2389 3519 pressit,

632 3556 1054 3631 Observans
1090 3582 1253 3655 quae
1284 3556 1505 3655 signa
1532 3555 1810 3651 ferant,
1851 3581 2000 3655 quo
2034 3557 2346 3632 tendere
2381 3568 2721 3657 pergant.

630 3694 1029 3769 Pascentes
1064 3696 1205 3768 illae
1239 3706 1539 3770 tantum
1572 3694 1869 3794 prodire
1903 3695 2227 3769 volando
2273 3688 2276 3693 ’
2381 3762 2386 3767 .
2497 3732 2500 3736 ’

631 3834 1025 3919 Quantum
1060 3833 1223 3907 acie
1255 3845 1559 3931 possent
1590 3834 1790 3906 oculi
1825 3858 2118 3908 servare
2155 3845 2619 3932 sequentum.

627 3971 841 4063 Inde,
888 3972 1017 4046 ubi
1052 3996 1326 4046 venere
1360 3970 1457 4044 ad
1490 3969 1748 4045 fauces
1783 3972 2286 4070 graveolentis
2319 3972 2624 4064 Averni,

576 4093 585 4103 ⁹
624 4110 934 4183 Tollunt
966 4134 1044 4183 se
1080 4111 1397 4198 celeres3
1456 4108 1966 4206 liquidumque
2002 4133 2136 4208 per
2169 4134 2344 4183 aera
2377 4110 2614 4209 lapsae,
2708 4128 2715 4137 ’

624 4247 933 4321 Sedibus
970 4233 1247 4345 optatis,
1276 4246 1595 4345 geminae
1628 4269 1850 4343 super
1885 4245 2146 4319 arbore
2181 4246 2457 4339 sidunt,
