3234 5334
566 660 575 663 ’
645 646 781 727 14'4
1494 652 1585 723 ΖΕ
1608 644 1778 723 N'E
1799 648 1837 723 I
1861 650 1928 723 S.
2511 668 2578 721 v.
2617 656 2780 731 229.

635 849 1067 924 Castrorum
1103 860 1181 922 et
1214 848 1459 946 campi
1490 847 1760 921 medio,
1847 849 2042 921 Tum
2079 846 2312 920 Nisus
2347 856 2426 919 et
2457 870 2614 919 una

630 986 997 1084 Euryalus
1034 985 1429 1059 confestim
1466 987 1746 1059 alacres
1781 983 2164 1058 admittier
2195 994 2450 1073 orant3

630 1125 818 1199 Rem
851 1149 1226 1224 magnam,
1265 1124 1738 1225 pretiumque
1771 1146 1994 1197 morae
2019 1122 2200 1197 fore.
2239 1122 2550 1207 ,Primus
2579 1120 2783 1195 Iulus

628 1262 947 1361 Accepit
986 1262 1333 1361 trepidos,
1376 1286 1469 1336 ac
1504 1252 1781 1336 Nisum
1815 1261 2068 1335 dicere
2095 1260 2338 1358 jussit.
2435 1354 2440 1357 Ι

626 1401 821 1475 Tum
857 1400 964 1474 sic
1000 1400 1485 1499 Hyrtacides:
1542 1400 1824 1474 Audite
1859 1424 1908 1473 ο
1939 1398 2316 1473 mentibus
2347 1398 2572 1497 aequis

568 1624 577 1631 ⁴
628 1538 979 1613 AEneadae
994 1566 1015 1628 ;
1072 1561 1263 1612 neve
1296 1540 1455 1612 haec
1488 1538 1760 1612 nostris
1793 1549 2230 1636 spectentur
2263 1536 2362 1609 ab.
2391 1534 2608 1610 annis

628 1678 817 1763 Quae
850 1676 1177 1751 ferimus.
1270 1676 1533 1751 Rutuli
1565 1700 1828 1750 somno
1860 1675 2183 1772 vinoque
2219 1676 2444 1749 soluti

626 1815 1134 1891 Procubuere:
1191 1816 1441 1888 locum
1476 1813 1760 1887 insidiis
1799 1813 2326 1912 conspeximus
2359 1813 2516 1911 ipsi,

627 1954 780 2039 Qui
817 1965 1029 2052 patet
1062 1952 1141 2027 in
1176 1952 1379 2027 bivio
1412 1964 1642 2051 portae
1675 1975 1836 2048 quae
1869 1952 2210 2049 proxima
2241 1962 2496 2049 ponto,

626 2092 1039 2189 Interrupti
1074 2092 1306 2190 ignes,
1354 2103 1660 2189 aterque
1697 2090 1790 2163 ad
1826 2089 2068 2167 sidera
2099 2087 2348 2162 fumus

576 2204 583 2213 ι
624 2228 979 2329 Erigitur.
1090 2229 1163 2301 Si
1203 2228 1509 2302 fortuna
1539 2227 1970 2327 permittitis
2001 2228 2136 2317 uti,

625 2366 1043 2453 Quaesitum
1076 2366 1367 2440 AEnean
1404 2365 1500 2439 ad
1534 2367 1810 2439 moenia
1842 2366 2248 2456 Pallantea,

626 2504 814 2580 Mox
850 2507 971 2579 hic
1008 2528 1180 2579 cum
1215 2504 1484 2603 spoliis,
1532 2504 1828 2603 ingenti
1863 2504 2064 2578 caede
2097 2516 2420 2603 peracta,

622 2644 878 2717 Affore
914 2642 1256 2717 cernetis.
1352 2642 1525 2716 Nec
1557 2666 1694 2715 nos
1729 2641 1852 2715 via
1883 2641 2078 2715 fallit
2113 2654 2414 2716 euntes:

623 2780 966 2854 Vidimus
1000 2780 1331 2853 obscuris
1364 2780 1682 2879 primam
1715 2780 1850 2853 sub
1884 2779 2198 2854 vallibus
2233 2780 2493 2853 urbem

556 2970 563 2977 -
623 2920 927 2993 Venatu
964 2918 1277 3009 assidue,
1324 2930 1402 2993 et
1434 2918 2201 3017 totumcognovimus
2237 2941 2553 2991 amnem.

623 3056 769 3131 Hic
806 3056 1021 3130 annis
1054 3056 1301 3157 gravis
1336 3068 1561 3153 atque
1596 3054 1827 3129 animi
1861 3070 2195 3130 maturus
2230 3057 2522 3131 Aletes:

621 3195 725 3268 Di
758 3194 1000 3293 patrii,
1046 3220 1361 3293 quorum
1396 3219 1691 3293 semper
1721 3195 1858 3269 sub
1891 3196 2202 3269 numine
2231 3194 2452 3294 Troja
2489 3206 2619 3287 est,

622 3332 803 3407 Non
839 3346 1093 3406 tamen
1130 3330 1443 3405 omnino
1465 3333 1792 3406 Teucros
1822 3332 2077 3407 delere
2113 3333 2409 3431 paratis,

623 3470 880 3555 Quum
914 3469 1099 3543 tales
1136 3471 1421 3543 animos
1444 3468 1812 3568 juvenum
1847 3481 1928 3543 et
1958 3482 2114 3545 tam
2151 3483 2362 3545 certa
2391 3470 2660 3545 tulistis

619 3608 955 3683 Pectora.
1040 3608 1159 3682 Sic
1188 3632 1628 3700 memorans,
1659 3609 2008 3682 humeros
2033 3609 2483 3707 dextrasque
2508 3609 2819 3685 tenebat

619 3745 1053 3837 Amborum9
1102 3756 1177 3819 e't
1214 3747 1505 3820 vultum
1540 3747 1886 3845 lacrymis
1923 3758 2147 3845 atque
2183 3772 2313 3821 ora
2345 3748 2660 3847 rigabam
2729 3738 2734 3742 ⁵

621 3883 810 3968 Quae
845 3883 1070 3975 vobis,
1117 3910 1279 3981 quae
1314 3884 1565 3983 digna,
1614 3884 1774 3977 viri,
1820 3910 1954 3984 pro
1989 3886 2332 3961 laudibus
2368 3887 2545 3978 istis,

621 4021 931 4096 Praemia
960 4046 1172 4119 posse
1204 4046 1371 4095 rear
1403 4021 1634 4097 solvi?
1696 4004 2208 4098 Pulcherrima
2239 4024 2558 4121 primum

621 4161 726 4235 Di
758 4184 1144 4260 moresque
1178 4159 1468 4235 dabunt
1500 4161 1765 4236 vestri:
1821 4173 1986 4236 tum
2023 4175 2275 4236 cetera
2307 4162 2569 4237 reddet·

621 4299 987 4374 Actutum
1023 4300 1194 4399 pius
1220 4298 1511 4392 AEneaS,
1560 4300 1786 4397 atque
1826 4300 2124 4400 integer
2157 4300 2293 4375 aevi
