3234 5334
761 650 858 725 98
1609 604 1808 713 'AEN
1834 638 1897 713 E
1922 638 2047 737 Is.
2628 664 2695 711 v.
2732 638 2883 713 644.
2936 622 2941 629 '

761 836 860 910 Et
895 816 1333 910 meministis
1367 835 1590 927 enim,
1636 836 1841 926 divae,
1890 848 1967 911 et
2000 858 2409 911 memorare
2443 836 2783 933 potestis:

763 973 884 1047 Ad
919 998 1053 1046 nos
1087 972 1217 1047 vix
1249 972 1496 1047 tenuis
1530 973 1745 1047 famae
1779 972 2188 1071 perlabitur
2216 996 2417 1047 aura„

909 1109 1197 1185 Primus
1231 1109 1376 1185 init
1409 1110 1687 1184 bellum
1715 1110 2119 1209 Tyrrhenis
2154 1134 2369 1208 asper
2398 1109 2491 1183 ab
2526 1108 2669 1183 oris
2726 1145 2733 1151 ·
2789 1168 2793 1173 .

767 1245 1260 1345 Contemptor
1294 1247 1548 1321 divom
1585 1247 2027 1337 MezentiuS‚
2074 1246 2521 1345 agminaque
2554 1258 2841 1321 armat.·

765 1380 988 1457 Filius
1023 1382 1202 1457 huic
1231 1381 1459 1481 juxta
1493 1382 1795 1474 Lausus,
1840 1408 1989 1481 quo
2024 1384 2403 1481 pulchrior
2434 1383 2625 1457 alter

765 1521 945 1595 Non
979 1519 1146 1613 fuit,
1195 1535 1517 1620 excepto
1551 1521 1945 1597 Laurentis
1982 1546 2288 1620 corpore
2321 1520 2579 1594 Turni.

767 1656 1070 1750 Lausus,
1117 1660 1390 1757 cqufim
1426 1657 1767 1750 domitor,
1814 1658 2365 1755 debellatorque
2398 1656 2741 1746 ferarum,

765 1796 1004 1869 Ducit
1037 1794 1392 1895 Agyllina
1425 1796 1927 1893 nequidquam
1965 1820 2059 1871 ex
2095 1796 2279 1870 urbe
2318 1804 2611 1869 secutos

765 1932 980 2006 Mille
1015 1932 1246 2021 v‘iros3
1304 1932 1578 2031 dignus
1619 1933 1875 2029 patriis
1908 1932 2035 2030 qui
2071 1932 2305 2007 laetior
2338 1945 2529 2007 esset

769 2069 1129 2168 Imperiis,
1177 2083 1254 2145 et
1288 2070 1410 2143 cui
1443 2082 1659 2167 pater
1690 2070 1891 2144 haud
1928 2069 2346 2144 Mezentius
2382 2080 2589 2143 esset.

911 2206 1087 2280 Post
1119 2208 1252 2279 hos
1287 2206 1661 2305 insignem
1698 2208 1943 2305 palma
1976 2230 2109 2304 per
2142 2206 2485 2305 gramina
2518 2230 2812 2281 currum

642 2374 662 2392 ·
763 2342 1256 2440 Victoresque
1289 2356 1623 2419 ostentat
1658 2368 1881 2440 equos
1916 2356 2119 2421 satus
2155 2344 2482 2447 Hercule
2514 2345 2819 2441 pulchro

763 2480 1086 2557 Pulcher
1117 2480 1578 2571 Aventinus3
1638 2482 2067 2579 clypeoque,
2114 2480 2409 2579 insigne
2444 2492 2871 2579 paternum,

767 2616 1098 2693 Centum
1145 2643 1451 2717 angues,
1507 2617 1983 2715 cinctamque
2029 2618 2227 2716 gerit
2274 2618 2733 2716 serpentibus
2776 2619 2901 2715 hy-

909 2755 1158 2828 dram:

764 2890 994 2966 Collis
1025 2892 1387 2965 Aventini
1423 2895 1633 2992 sylva
1664 2919 1885 2991 quem
1922 2894 2131 2968 Rhea
2164 2895 2508 2977 sacerdos
2614 2898 2622 2906 '

765 3030 1150 3105 Furtivum
1185 3043 1406 3128 partu
1437 3033 1574 3105 sub
1611 3032 1911 3107 luminis
1946 3032 2182 3107 edidit
2215 3057 2399 3124 oraS,

765 3167 1020 3242 Mixta
1053 3168 1198 3241 deo
1229 3169 1516 3261 mulier,
1563 3185 1953 3268 postquam
1989 3170 2396 3245 Laurentia
2428 3170 2686 3261 victor,
2736 3237 2741 3246 .

761 3304 1120 3403 Geryone
1153 3307 1553 3399 exstinctO,
1590 3306 2025 3405 Tirynthius
2060 3308 2317 3407 attigit
2348 3333 2544 3401 arva,

757 3442 1294 3540 Tyrrhenoque
1330 3422 1554 3519 boves
1591 3445 1671 3518 in
1706 3445 2011 3519 flumine
2046 3446 2229 3524 lavit
2262 3446 2534 3520 Iberas.

761 3578 922 3651 Pila
953 3604 1187 3652 manu
1221 3605 1591 3679 saevosque
1627 3595 1904 3681 gerunt
1938 3583 2015 3656 in
2051 3582 2248 3655 bella
2281 3583 2624 3673 dolones;

756 3714 858 3789 Et
888 3717 1490 3816 teretipugnant
1521 3744 1903 3811 mucrone,
1949 3744 2277 3817 veruque
2310 3721 2615 3794 Sabello.

763 3851 931 3949 Ipse
962 3853 1208 3949 pedes,
1255 3868 1614 3954 tegumen
1652 3871 2003 3954 torquens
2039 3858 2362 3931 immane
2397 3858 2651 3949 lconis,

727 3973 1102 4063 'Terribili
1139 3992 1522 4089 impexum
1555 4005 1749 4084 saeta,
1798 4020 1969 4067 cum
2004 3994 2353 4069 dentibus
2388 3995 2590 4087 albis»,

761 4124 1080 4209 Indutus
1117 4128 1382 4226 capiti:
1433 4130 1547 4203 sic
1581 4132 1789 4229 regia
1820 4144 2027 4205 tecta
2060 4132 2355 4205 subibat

763 4260 1146 4357 Horridus,
1194 4267 1719 4365 Herculeoque
1752 4269 2096 4344 humeros
2132 4270 2453 4345 innexus
2490 4269 2785 4343 amictu.
