3234 5334
649 654 829 765 186·
1500 653 1934 727 AENEIS.
2309 750 2316 761 Ι
2523 678 2590 726 v.
2629 657 2796 727 488.

635 850 737 924 Et
771 819 1045 925 terram
1082 852 1427 925 hostilem
1460 852 1785 926 moriens
1820 851 2013 949 petit
2046 875 2174 924 ore
2209 860 2546 924 cruento,

640 983 1221 1073 Quem‘Turnus
1270 1014 1491 1088 super
1532 984 1917 1063 assistens:

633 1100 988 1218 ArcadeS,
1032 1128 1210 1218 haee,
1262 1129 1529 1225 inquit,
1578 1152 1944 1201 memores
1981 1152 2149 1201 mea
2183 1126 2390 1200 dicta
2425 1126 2698 1200 referte

635 1264 1026 1339 Evandro:
1084 1266 1383 1363 qualem
1418 1265 1696 1339 meruit
1733 1264 2074 1339 Pallanta
2109 1264 2446 1339 remitto:

642 1404 995 1501 Quisquis
1019 1405 1253 1479 honos
1278 1404 1568 1496 tumuli,
1584 1404 1946 1503 quidquid
1970 1405 2300 1477 solamen
2325 1402 2690 1477 humandi
2714 1412 2847 1494 est,

642 1542 990 1641 Largior:
1049 1544 1251 1618 haud
1288 1542 1395 1616 illi
1430 1543 1740 1617 stabunt
1773 1544 2036 1617 AEnei'a
2069 1566 2298 1640 parvo
2818 1538 2828 1543 ’

636 1681 1003 1780 Hospitia.
1108 1681 1207 1755 Et
1240 1682 1421 1756 laevo
1456 1682 1724 1780 pressit
1756 1681 1968 1779 pede,
2016 1680 2199 1755 talia
2233 1680 2454 1773 fatuS,

554 1922 561 1929 ι
637 1820 1109 1911 Exanimem,
1156 1821 1450 1919 rapiens
1496 1820 1855 1894 immania
1889 1820 2223 1918 pondera
2258 1818 2508 1909 baltei,

638 1958 1240 2057 Impressumque
1275 1958 1522 2033 nefas:
1580 1984 1734 2032 una
1769 1959 1907 2032 sub
1945 1968 2172 2059 nocte
2195 1956 2439 2057 jugali

644 2096 852 2171 Caesa
888 2122 1152 2170 manus
1178 2096 1547 2195 juvenum
1580 2084 1799 2188 foede,
1847 2097 2304 2195 thalamique
2342 2096 2675 2185 cruenti3

641 2208 829 2320 Qu'ae
868 2235 1151 2309 Clonus
1192 2235 1589 2333 Eurytides
1628 2236 1868 2309 multo
1903 2236 2300 2309 caelaverat‘
2329 2259 2549 2308 auro:

644 2373 818 2457 Quo
856 2398 1062 2447 nunc
1096 2373 1393 2447 Turnus
1430 2386 1607 2447 ovat
1642 2374 1875 2472 spolio
1909 2373 2342 2473 gaudetque
2375 2372 2675 2471 potituS.

643 2512 927 2585 Nescia
962 2536 1173 2585 mens
1209 2512 1597 2585 hominum
1631 2510 1772 2585 fati
1807 2511 2167 2609 sortisque
2203 2482 2494 2601 futurae,

641 2650 741 2725 Et
776 2676 1068 2725 servare
1106 2651 1432 2743 modum,
1480 2651 1700 2725 rebus
1737 2651 2030 2724 sublata
2063 2649 2448 2723 secundis!

640 2788 900 2862 Turno
942 2801 1233 2887 tempus
1270 2789 1431 2879 erit,
1480 2814 1758 2887 magno
1795 2815 2026 2885 quum
2061 2787 2433 2887 optaverit
2468 2797 2801 2885 emptum

644 2926 1031 3001 Intactum
1070 2927 1428 3017 Pallanta,
1477 2939 1554 3001 et
1590 2953 1820 3024 quum
1859 2927 2090 3026 spolia
2125 2927 2268 3000 ista
2301 2926 2646 3025 diemque

646 3065 933 3139 Oderit.
1029 3066 1134 3137 At
1169 3064 1350 3139 socii
1386 3065 1626 3138 multo
1661 3065 1950 3163 gemitu
1986 3064 2482 3163 lacrymisque

645 3203 1087 3305 Impositum
1125 3214 1339 3277 scuto
1373 3201 1714 3277 referunt
1753 3203 2094 3276 Pallanta
2126 3202 2578 3301 frequentes

646 3343 716 3417 Ο
751 3342 962 3415 dolor
996 3353 1221 3451 atque
1256 3342 1485 3414 decus
1523 3364 1883 3441 magnum
1921 3342 2252 3417 rediture
2289 3342 2619 3441 parenti!

646 3480 830 3554 Haec
866 3491 941 3552 te
976 3479 1214 3577 prima
1249 3479 1405 3553 dies
1442 3480 1638 3553 bello
1673 3480 1902 3570 dedit,
1951 3481 2107 3555 haec
2146 3480 2408 3555 eadem
2444 3480 2708 3575 aufert,

649 3619 904 3703 Quum
943 3630 1197 3691 tamen
1236 3618 1583 3717 ingentes
1623 3619 2068 3692 Rutulorum
2108 3619 2380 3716 linquis
2425 3624 2765 3694 acervos!

797 3757 970 3830 Nec
993 3756 1153 3854 jam
1188 3754 1393 3829 fama
1426 3756 1602 3831 mali
1638 3757 1854 3847 tanti,
1903 3757 2034 3831 sed
2071 3758 2348 3832 certior
2383 3771 2648 3831 auctor

650 3896 979 3971 Advolat
1012 3896 1285 3986 AEneae,
1332 3896 1546 3969 tenui
1584 3895 2012 3971 discrimine
2052 3896 2183 3977 leti

651 4034 831 4109 Esse
866 4059 1054 4124 sum,
1099 4046 1392 4132 tempus
1431 4034 1656 4107 versis
1691 4058 2126 4141 succurrere
2155 4034 2482 4110 Teucris·

653 4172 1002 4248 Proxima
1036 4197 1341 4270 quaeque
1387 4172 1610 4247 metit
1641 4172 1912 4272 gladic,
1960 4172 2344 4270 latumque
2379 4197 2512 4271 per
2548 4196 2824 4270 agmen

654 4312 949 4395 Ardens
983 4309 1297 4403 limitem
1336 4310 1495 4409 agit
1529 4309 1765 4402 ferr03
1825 4323 1922 4402 te,
1963 4312 2240 4404 Turne,
2288 4311 2689 4409 superbum
