3234 5334
382 679 447 728 v.
485 656 655 731 564.
1152 661 1217 734 L
1238 662 1277 734 1
1302 662 1446 760 ΒΕ
1470 664 1539 738 R
1639 663 1779 739 xl.
2410 683 2552 748 225

374 853 537 927 Dat
572 881 731 930 sese
768 858 1015 948 fluvi0,
1064 869 1287 956 atque
1321 861 1611 935 hastam
1649 888 1822 937 cum
1855 864 2149 963 virgine
2185 867 2428 942 victor

378 992 813 1086 Gramine0‚
860 996 1141 1070 donum
1170 998 1456 1090 Triviae,
1504 1000 1599 1074 de
1639 1002 1918 1100 cespite
1954 1005 2184 1078 vellit.

376 1129 559 1204 Non
599 1132 809 1206 illum
846 1134 1067 1206 tectis
1104 1136 1288 1227 ullae,
1336 1161 1490 1210 non
1527 1139 1912 1232 moenibus,
1959 1142 2178 1216 urbes

47 1271 49 1278 ·
164 1269 177 1277 ‘
262 1291 269 1296 ·
372 1269 797 1368 Accepere;
856 1297 1100 1369 neque
1138 1273 1291 1371 ipse
1326 1299 1592 1348 manus
1627 1276 1928 1352 feritate
1963 1279 2324 1355 dedisset:

370 1405 763 1481 Pastorum
799 1422 875 1484 et
909 1411 1077 1483 solis
1116 1412 1372 1510 exegit
1406 1414 1786 1488 montibus
1833 1442 2089 1490 aevum.

371 1543 515 1618 Hie
552 1557 833 1636 natam,
880 1547 959 1620 in
996 1547 1237 1620 dumis
1272 1549 1617 1647 interque
1659 1552 2042 1627 horrentia
2071 1555 2324 1647 lustra,

366 1683 827 1758 Armentalis
866 1709 1069 1782 equae
1102 1687 1443 1762 mammis
1482 1700 1559 1761 et
1594 1690 1789 1762 lactc
1825 1689 2070 1765 ferino

367 1823 756 1914 Nutribat‚
803 1824 1082 1898 teneris
1120 1824 1569 1925 immulgens
1608 1827 1840 1901 ubera
1875 1828 2118 1903 labris,

364 1961 622 2058 thue
658 1962 931 2059 pedum
968 1963 1221 2060 primis
1257 1963 1503 2037 infans
1536 1965 1854 2064 vestigia
1885 1966 2158 2065 plantis

363 2094 776 2190 Institerat‚
827 2099 1085 2197 jaculo
1118 2101 1399 2198 palmas
1434 2103 1776 2176 oneravit
1813 2115 2074 2179 acuto:

360 2237 805 2335 Spiculaque
840 2263 937 2312 ex
972 2239 1283 2312 humero
1318 2265 1559 2338 parvae
1594 2241 1984 2340 suspendit
2019 2255 2096 2315 et
2134 2268 2412 2320 arcum.

361 2374 506 2448 Pro
544 2375 807 2448 crinali
844 2401 1046 2467 aure,
1094 2401 1227 2474 pro
1262 2377 1507 2475 longae
1542 2378 1878 2476 tegmine
1915 2381 2146 2476 pallae‚

359 2513 684 2612 Tigridis
721 2513 1009 2588 exuviae
1046 2539 1177 2612 per
1210 2515 1510 2588 dorsum
1549 2539 1593 2586 a
1629 2515 1914 2589 vertice
1947 2518 2304 2614 pendent.

357 2652 543 2726 Tela
577 2677 805 2726 manu
834 2651 995 2750 jam
1030 2664 1192 2725 tum
1229 2665 1492 2725 tenera
1525 2652 1839 2752 puerilia
1877 2655 2110 2746 torsit,

358 2788 456 2863 Et
489 2789 805 2862 fundam
840 2789 1060 2862 tereti
1100 2790 1383 2864 circum
1422 2804 1650 2888 caput
1685 2792 1844 2889 egit
1879 2791 2191 2884 habena,

360 2927 1003 3025 Strymoniamque
1040 2951 1303 3025 gruem
1342 2937 1473 2998 aut
1508 2927 1762 3002 album
1797 2927 2071 3026 dejecit
2107 2931 2404 3038 olorem.

360 3066 625 3139 Multae
661 3065 861 3138 illam
896 3063 1173 3138 frustra
1199 3047 1590 3162 Tyrrhena
1628 3075 1760 3163 per
1795 3066 2066 3167 oppida
2097 3079 2370 3142 matres
2457 3147 2470 3158 ,

358 3203 735 3300 Optavere
772 3228 1084 3276 nurum:
1143 3202 1299 3274 sola
1334 3203 2006 3313 contenta-Diana,

355 3341 749 3414 AEternum
784 3340 1103 3413 telorum
1140 3353 1217 3412 et
1250 3338 1702 3437 virginitatis
1742 3364 2068 3414 amorem

356 3479 819 3552 Intemerata
855 3478 1055 3556 colit.
1144 3477 1437 3550 Vellem
1474 3477 1676 3550 haud
1715 3490 2058 3576 correpta
2090 3479 2353 3554 fuisset

356 3616 639 3690 Militia
673 3616 829 3707 tali,
877 3628 1149 3688 conata
1183 3615 1543 3688 lacessere
1575 3614 1904 3688 Teucros
1921 3644 1942 3706 ;

360 3753 554 3826 Cara
588 3753 791 3844 mihi,
840 3752 1346 3848 comitumque
1380 3750 1576 3824 foret
1618 3776 1828 3825 nunc
1865 3747 2401 3828 una'mearum.

355 3892 639 3964 Verum
678 3915 837 3989 age,
882 3887 1487 3987 quaffloquidem
1524 3888 1696 3963 fatis
1735 3902 2048 3988 urgetur
2081 3891 2386 3982 acerbiS,

357 4029 661 4119 Labere,
711 4028 1088 4124 Nympha,
1134 4028 1325 4124 pole,
1370 4028 1700 4123 finesque
1739 4027 1974 4100 invise
2012 4027 2337 4120 Latinos»,

354 4168 617 4240 Tristis
652 4167 781 4240 ubi
816 4165 1141 4264 infausto
1179 4165 1675 4240 committitur
1707 4165 1954 4238 omine
1990 4191 2266 4264 pugna.

228 4319 241 4324 ’
358 4306 783 4404 Haec-cape,
831 4303 1285 4408 etffultricem
1321 4304 1672 4404 pharetra
1705 4302 2056 4402 deprome
2091 4305 2480 4403 sagittam:
2520 4363 2525 4369 .

516 4453 545 4492 ς
1462 4437 1468 4446 ’
2322 4442 2371 4489 G
