<?xml version="1.0" encoding="UTF-8"?>
<!DOCTYPE html PUBLIC "-//W3C//DTD XHTML 1.0 Transitional//EN"
    "http://www.w3.org/TR/xhtml1/DTD/xhtml1-transitional.dtd">
<html xmlns="http://www.w3.org/1999/xhtml" xml:lang="en" lang="en">
 <head>
  <title>
</title>
<meta http-equiv="Content-Type" content="text/html;charset=utf-8" />
  <meta name='ocr-system' content='tesseract 3.04.00' />
  <meta name='ocr-capabilities' content='ocr_page ocr_carea ocr_par ocr_line ocrx_word'/>
</head>
<body>
  <div class='ocr_page' id='page_1' title='image "./publiusvergiliu01virggoog/publiusvergiliu01virggoog_0170.png"; bbox 0 0 3234 5334; ppageno 0'>
   <div class='ocr_carea' id='block_1_1' title="bbox 410 659 2566 739">
    <p class='ocr_par' dir='ltr' id='par_1_1' title="bbox 410 659 2566 739">
     <span class='ocr_line' id='line_1_1' title="bbox 410 659 2566 739; baseline 0.002 -8"><span class='ocrx_word' id='word_1_1' title='bbox 410 685 481 732; x_wconf 86' lang='lat' dir='ltr'><strong>v..</strong></span> <span class='ocrx_word' id='word_1_2' title='bbox 515 660 684 735; x_wconf 72' lang='lat'><strong>665:</strong></span> <span class='ocrx_word' id='word_1_3' title='bbox 1175 662 1238 736; x_wconf 97' lang='lat' dir='ltr'>L</span> <span class='ocrx_word' id='word_1_4' title='bbox 1261 663 1384 737; x_wconf 81' lang='lat'><strong>113</strong></span> <span class='ocrx_word' id='word_1_5' title='bbox 1407 664 1470 737; x_wconf 91' lang='lat' dir='ltr'>E</span> <span class='ocrx_word' id='word_1_6' title='bbox 1494 665 1562 739; x_wconf 91' lang='lat' dir='ltr'><strong>R</strong></span> <span class='ocrx_word' id='word_1_7' title='bbox 1663 665 1801 739; x_wconf 91' lang='lat' dir='ltr'><strong>IX.</strong></span> <span class='ocrx_word' id='word_1_8' title='bbox 2224 659 2231 664; x_wconf 75' lang='grc'><strong>’</strong></span> <span class='ocrx_word' id='word_1_9' title='bbox 2442 664 2566 736; x_wconf 89' lang='grc'><strong>161</strong></span> 
     </span>
    </p>
   </div>
   <div class='ocr_carea' id='block_1_2' title="bbox 397 857 2609 3991">
    <p class='ocr_par' dir='ltr' id='par_1_2' title="bbox 410 857 2439 960">
     <span class='ocr_line' id='line_1_2' title="bbox 410 857 2439 960; baseline 0.002 -30"><span class='ocrx_word' id='word_1_10' title='bbox 410 857 786 932; x_wconf 81' lang='lat' dir='ltr'><strong>Sternitur</strong></span> <span class='ocrx_word' id='word_1_11' title='bbox 817 883 1038 933; x_wconf 87' lang='lat' dir='ltr'><strong>omne</strong></span> <span class='ocrx_word' id='word_1_12' title='bbox 1071 861 1310 935; x_wconf 90' lang='lat' dir='ltr'><strong>solum</strong></span> <span class='ocrx_word' id='word_1_13' title='bbox 1345 862 1548 937; x_wconf 89' lang='lat' dir='ltr'><strong>telis:</strong></span> <span class='ocrx_word' id='word_1_14' title='bbox 1607 875 1771 937; x_wconf 88' lang='lat' dir='ltr'><strong>tum</strong></span> <span class='ocrx_word' id='word_1_15' title='bbox 1806 873 2021 937; x_wconf 82' lang='lat' dir='ltr'><strong>scuta</strong></span> <span class='ocrx_word' id='word_1_16' title='bbox 2058 877 2439 960; x_wconf 85' lang='lat' dir='ltr'><strong>cavaeque·</strong></span> 
     </span>
    </p>

    <p class='ocr_par' dir='ltr' id='par_1_3' title="bbox 411 989 2455 1102">
     <span class='ocr_line' id='line_1_3' title="bbox 411 989 2455 1102; baseline 0.002 -33"><span class='ocrx_word' id='word_1_17' title='bbox 411 994 626 1069; x_wconf 83' lang='lat' dir='ltr'>Dant</span> <span class='ocrx_word' id='word_1_18' title='bbox 655 989 987 1071; x_wconf 86' lang='lat' dir='ltr'><strong>sonitum</strong></span> <span class='ocrx_word' id='word_1_19' title='bbox 1022 998 1232 1073; x_wconf 90' lang='lat' dir='ltr'><strong>flictu</strong></span> <span class='ocrx_word' id='word_1_20' title='bbox 1267 1002 1534 1098; x_wconf 87' lang='lat' dir='ltr'><strong>galeae:</strong></span> <span class='ocrx_word' id='word_1_21' title='bbox 1593 1027 1851 1101; x_wconf 89' lang='lat' dir='ltr'><strong>pugna</strong></span> <span class='ocrx_word' id='word_1_22' title='bbox 1886 1027 2145 1102; x_wconf 87' lang='lat' dir='ltr'><strong>aspera</strong></span> <span class='ocrx_word' id='word_1_23' title='bbox 2178 1001 2417 1099; x_wconf 85' lang='lat' dir='ltr'><strong>surgit</strong></span> <span class='ocrx_word' id='word_1_24' title='bbox 2435 1028 2455 1090; x_wconf 92' lang='lat'>;</span> 
     </span>
    </p>

    <p class='ocr_par' dir='ltr' id='par_1_4' title="bbox 411 1108 2313 1237">
     <span class='ocr_line' id='line_1_4' title="bbox 411 1108 2313 1237; baseline 0.003 -32"><span class='ocrx_word' id='word_1_25' title='bbox 411 1132 764 1217; x_wconf 84' lang='lat' dir='ltr'><strong>Quantus</strong></span> <span class='ocrx_word' id='word_1_26' title='bbox 795 1132 896 1207; x_wconf 85' lang='lat' dir='ltr'><strong>ab</strong></span> <span class='ocrx_word' id='word_1_27' title='bbox 929 1108 1202 1209; x_wconf 86' lang='lat' dir='ltr'><strong>occasu</strong></span> <span class='ocrx_word' id='word_1_28' title='bbox 1237 1134 1546 1211; x_wconf 74' lang='lat' dir='ltr'><strong>veniens</strong></span> <span class='ocrx_word' id='word_1_29' title='bbox 1581 1138 2027 1237; x_wconf 83' lang='lat' dir='ltr'>pluvialibus</span> <span class='ocrx_word' id='word_1_30' title='bbox 2065 1114 2313 1211; x_wconf 86' lang='lat' dir='ltr'><strong>Haedis</strong></span> 
     </span>
    </p>

    <p class='ocr_par' dir='ltr' id='par_1_5' title="bbox 409 1271 2605 1375">
     <span class='ocr_line' id='line_1_5' title="bbox 409 1271 2605 1375; baseline 0.002 -31"><span class='ocrx_word' id='word_1_31' title='bbox 409 1271 782 1345; x_wconf 82' lang='lat' dir='ltr'><strong>Verberat</strong></span> <span class='ocrx_word' id='word_1_32' title='bbox 811 1273 1048 1347; x_wconf 84' lang='lat' dir='ltr'><strong>imber</strong></span> <span class='ocrx_word' id='word_1_33' title='bbox 1070 1276 1422 1364; x_wconf 89' lang='lat' dir='ltr'><strong>humum;</strong></span> <span class='ocrx_word' id='word_1_34' title='bbox 1457 1302 1683 1373; x_wconf 88' lang='lat' dir='ltr'><strong>quam</strong></span> <span class='ocrx_word' id='word_1_35' title='bbox 1710 1274 1949 1351; x_wconf 83' lang='lat' dir='ltr'><strong>multa</strong></span> <span class='ocrx_word' id='word_1_36' title='bbox 1970 1276 2342 1375; x_wconf 87' lang='lat' dir='ltr'><strong>grandine</strong></span> <span class='ocrx_word' id='word_1_37' title='bbox 2366 1275 2605 1349; x_wconf 87' lang='lat' dir='ltr'><strong>nimbi</strong></span> 
     </span>
    </p>

    <p class='ocr_par' dir='ltr' id='par_1_6' title="bbox 411 1406 2575 1513">
     <span class='ocr_line' id='line_1_6' title="bbox 411 1406 2575 1513; baseline 0.002 -32"><span class='ocrx_word' id='word_1_38' title='bbox 411 1409 508 1483; x_wconf 92' lang='lat' dir='ltr'><strong>In</strong></span> <span class='ocrx_word' id='word_1_39' title='bbox 540 1409 735 1485; x_wconf 87' lang='lat' dir='ltr'><strong>vada</strong></span> <span class='ocrx_word' id='word_1_40' title='bbox 765 1410 1250 1510; x_wconf 86' lang='lat' dir='ltr'><strong>praecipitant,</strong></span> <span class='ocrx_word' id='word_1_41' title='bbox 1271 1406 1520 1510; x_wconf 79' lang='lat' dir='ltr'><strong>quum</strong></span> <span class='ocrx_word' id='word_1_42' title='bbox 1545 1414 1594 1488; x_wconf 91' lang='lat' dir='ltr'>J</span> <span class='ocrx_word' id='word_1_43' title='bbox 1601 1415 1897 1513; x_wconf 87' lang='lat' dir='ltr'><strong>uppiter</strong></span> <span class='ocrx_word' id='word_1_44' title='bbox 1930 1414 2283 1487; x_wconf 85' lang='lat' dir='ltr'><strong>horridus</strong></span> <span class='ocrx_word' id='word_1_45' title='bbox 2308 1414 2575 1487; x_wconf 87' lang='lat' dir='ltr'><strong>austris</strong></span> 
     </span>
    </p>

    <p class='ocr_par' dir='ltr' id='par_1_7' title="bbox 405 1547 2609 1782">
     <span class='ocr_line' id='line_1_7' title="bbox 405 1547 2609 1649; baseline -0 -25"><span class='ocrx_word' id='word_1_46' title='bbox 405 1547 738 1646; x_wconf 83' lang='lat' dir='ltr'><strong>Torquet</strong></span> <span class='ocrx_word' id='word_1_47' title='bbox 765 1574 1114 1649; x_wconf 83' lang='lat' dir='ltr'><strong>aquosam</strong></span> <span class='ocrx_word' id='word_1_48' title='bbox 1138 1550 1481 1644; x_wconf 87' lang='lat' dir='ltr'><strong>hiemem,</strong></span> <span class='ocrx_word' id='word_1_49' title='bbox 1495 1563 1574 1625; x_wconf 89' lang='lat' dir='ltr'><strong>et</strong></span> <span class='ocrx_word' id='word_1_50' title='bbox 1598 1553 1783 1625; x_wconf 87' lang='lat' dir='ltr'><strong>coelo</strong></span> <span class='ocrx_word' id='word_1_51' title='bbox 1811 1576 1995 1625; x_wconf 87' lang='lat' dir='ltr'><strong>cava</strong></span> <span class='ocrx_word' id='word_1_52' title='bbox 2022 1552 2281 1624; x_wconf 87' lang='lat' dir='ltr'><strong>nubila</strong></span> <span class='ocrx_word' id='word_1_53' title='bbox 2310 1549 2609 1649; x_wconf 87' lang='lat' dir='ltr'><strong>rumpit.</strong></span> 
     </span>
     <span class='ocr_line' id='line_1_8' title="bbox 557 1687 2234 1782; baseline 0.001 -23"><span class='ocrx_word' id='word_1_54' title='bbox 557 1687 940 1761; x_wconf 86' lang='lat' dir='ltr'><strong>Pandarus</strong></span> <span class='ocrx_word' id='word_1_55' title='bbox 977 1700 1054 1773; x_wconf 82' lang='lat' dir='ltr'><strong>et</strong></span> <span class='ocrx_word' id='word_1_56' title='bbox 1089 1688 1340 1781; x_wconf 88' lang='lat' dir='ltr'><strong>Bitias,</strong></span> <span class='ocrx_word' id='word_1_57' title='bbox 1387 1689 1586 1763; x_wconf 82' lang='lat' dir='ltr'><strong>Idaeo</strong></span> <span class='ocrx_word' id='word_1_58' title='bbox 1615 1688 1989 1763; x_wconf 81' lang='lat' dir='ltr'><strong>Alcanore</strong></span> <span class='ocrx_word' id='word_1_59' title='bbox 2028 1690 2234 1782; x_wconf 88' lang='lat' dir='ltr'><strong>creti,</strong></span> 
     </span>
    </p>

    <p class='ocr_par' dir='ltr' id='par_1_8' title="bbox 409 1823 2023 1925">
     <span class='ocr_line' id='line_1_9' title="bbox 409 1823 2023 1925; baseline 0.002 -29"><span class='ocrx_word' id='word_1_60' title='bbox 409 1823 620 1911; x_wconf 82' lang='lat' dir='ltr'><strong>Quos</strong></span> <span class='ocrx_word' id='word_1_61' title='bbox 653 1825 702 1899; x_wconf 88' lang='lat' dir='ltr'>J</span> <span class='ocrx_word' id='word_1_62' title='bbox 707 1826 862 1900; x_wconf 87' lang='lat' dir='ltr'><strong>ovis</strong></span> <span class='ocrx_word' id='word_1_63' title='bbox 897 1825 1163 1900; x_wconf 86' lang='lat' dir='ltr'><strong>eduxit</strong></span> <span class='ocrx_word' id='word_1_64' title='bbox 1196 1828 1370 1901; x_wconf 81' lang='lat' dir='ltr'><strong>luco</strong></span> <span class='ocrx_word' id='word_1_65' title='bbox 1403 1827 1779 1925; x_wconf 87' lang='lat' dir='ltr'><strong>sylvestris</strong></span> <span class='ocrx_word' id='word_1_66' title='bbox 1818 1827 2023 1918; x_wconf 86' lang='lat' dir='ltr'><strong>Iaera,</strong></span> 
     </span>
    </p>

    <p class='ocr_par' dir='ltr' id='par_1_9' title="bbox 408 1962 2254 2063">
     <span class='ocr_line' id='line_1_10' title="bbox 408 1962 2254 2063; baseline 0.002 -28"><span class='ocrx_word' id='word_1_67' title='bbox 408 1962 802 2036; x_wconf 87' lang='lat' dir='ltr'><strong>Abietibus</strong></span> <span class='ocrx_word' id='word_1_68' title='bbox 824 1962 1142 2061; x_wconf 83' lang='lat' dir='ltr'><strong>juvenes</strong></span> <span class='ocrx_word' id='word_1_69' title='bbox 1175 1963 1430 2063; x_wconf 89' lang='lat' dir='ltr'><strong>patriis</strong></span> <span class='ocrx_word' id='word_1_70' title='bbox 1466 1976 1544 2038; x_wconf 91' lang='lat' dir='ltr'><strong>et</strong></span> <span class='ocrx_word' id='word_1_71' title='bbox 1575 1964 1955 2039; x_wconf 86' lang='lat' dir='ltr'><strong>montibus</strong></span> <span class='ocrx_word' id='word_1_72' title='bbox 1990 1988 2254 2063; x_wconf 75' lang='lat' dir='ltr'><strong>aequ08‚</strong></span> 
     </span>
    </p>

    <p class='ocr_par' dir='ltr' id='par_1_10' title="bbox 405 2098 2432 2202">
     <span class='ocr_line' id='line_1_11' title="bbox 405 2098 2432 2202; baseline 0 -27"><span class='ocrx_word' id='word_1_73' title='bbox 405 2098 731 2191; x_wconf 89' lang='lat' dir='ltr'><strong>Portam,</strong></span> <span class='ocrx_word' id='word_1_74' title='bbox 778 2127 940 2199; x_wconf 87' lang='lat' dir='ltr'><strong>quae</strong></span> <span class='ocrx_word' id='word_1_75' title='bbox 974 2102 1186 2176; x_wconf 89' lang='lat' dir='ltr'><strong>ducis</strong></span> <span class='ocrx_word' id='word_1_76' title='bbox 1221 2102 1529 2202; x_wconf 84' lang='lat' dir='ltr'><strong>imperio</strong></span> <span class='ocrx_word' id='word_1_77' title='bbox 1567 2105 1978 2195; x_wconf 88' lang='lat' dir='ltr'><strong>commissa,</strong></span> <span class='ocrx_word' id='word_1_78' title='bbox 2027 2103 2432 2177; x_wconf 87' lang='lat' dir='ltr'><strong>recludunt</strong></span> 
     </span>
    </p>

    <p class='ocr_par' dir='ltr' id='par_1_11' title="bbox 405 2237 2385 2337">
     <span class='ocr_line' id='line_1_12' title="bbox 405 2237 2385 2337; baseline 0.001 -26"><span class='ocrx_word' id='word_1_79' title='bbox 405 2237 608 2311; x_wconf 84' lang='lat' dir='ltr'><strong>Freti</strong></span> <span class='ocrx_word' id='word_1_80' title='bbox 643 2239 885 2331; x_wconf 89' lang='lat' dir='ltr'><strong>armis,</strong></span> <span class='ocrx_word' id='word_1_81' title='bbox 931 2241 1276 2337; x_wconf 86' lang='lat' dir='ltr'><strong>ultroque</strong></span> <span class='ocrx_word' id='word_1_82' title='bbox 1313 2240 1643 2314; x_wconf 88' lang='lat' dir='ltr'><strong>invitant</strong></span> <span class='ocrx_word' id='word_1_83' title='bbox 1674 2241 2038 2315; x_wconf 82' lang='lat' dir='ltr'><strong>moenibus</strong></span> <span class='ocrx_word' id='word_1_84' title='bbox 2072 2241 2385 2313; x_wconf 86' lang='lat' dir='ltr'><strong>hostem.</strong></span> 
     </span>
    </p>

    <p class='ocr_par' dir='ltr' id='par_1_12' title="bbox 407 2374 2334 2475">
     <span class='ocr_line' id='line_1_13' title="bbox 407 2374 2334 2475; baseline 0.001 -27"><span class='ocrx_word' id='word_1_85' title='bbox 407 2375 561 2475; x_wconf 92' lang='lat' dir='ltr'><strong>Ipsi</strong></span> <span class='ocrx_word' id='word_1_86' title='bbox 597 2374 798 2449; x_wconf 89' lang='lat' dir='ltr'><strong>intus</strong></span> <span class='ocrx_word' id='word_1_87' title='bbox 834 2377 1106 2450; x_wconf 87' lang='lat' dir='ltr'><strong>dextra</strong></span> <span class='ocrx_word' id='word_1_88' title='bbox 1139 2402 1228 2451; x_wconf 89' lang='lat' dir='ltr'><strong>ac</strong></span> <span class='ocrx_word' id='word_1_89' title='bbox 1263 2379 1448 2451; x_wconf 84' lang='lat' dir='ltr'><strong>laeva</strong></span> <span class='ocrx_word' id='word_1_90' title='bbox 1478 2402 1613 2475; x_wconf 90' lang='lat' dir='ltr'><strong>pro</strong></span> <span class='ocrx_word' id='word_1_91' title='bbox 1650 2376 1977 2450; x_wconf 87' lang='lat' dir='ltr'><strong>turribus</strong></span> <span class='ocrx_word' id='word_1_92' title='bbox 2014 2378 2334 2468; x_wconf 89' lang='lat' dir='ltr'><strong>adstant,</strong></span> 
     </span>
    </p>

    <p class='ocr_par' dir='ltr' id='par_1_13' title="bbox 403 2512 2194 2613">
     <span class='ocr_line' id='line_1_14' title="bbox 403 2512 2194 2613; baseline 0 -26"><span class='ocrx_word' id='word_1_93' title='bbox 403 2514 698 2589; x_wconf 89' lang='lat' dir='ltr'><strong>Armati</strong></span> <span class='ocrx_word' id='word_1_94' title='bbox 730 2513 952 2606; x_wconf 83' lang='lat' dir='ltr'><strong>ferm,</strong></span> <span class='ocrx_word' id='word_1_95' title='bbox 999 2526 1076 2589; x_wconf 90' lang='lat' dir='ltr'><strong>et</strong></span> <span class='ocrx_word' id='word_1_96' title='bbox 1113 2512 1352 2588; x_wconf 84' lang='lat' dir='ltr'><strong>cristis</strong></span> <span class='ocrx_word' id='word_1_97' title='bbox 1391 2514 1641 2613; x_wconf 90' lang='lat' dir='ltr'><strong>capita</strong></span> <span class='ocrx_word' id='word_1_98' title='bbox 1674 2516 1830 2588; x_wconf 88' lang='lat' dir='ltr'><strong>alta</strong></span> <span class='ocrx_word' id='word_1_99' title='bbox 1865 2515 2194 2588; x_wconf 86' lang='lat' dir='ltr'><strong>corusci:</strong></span> 
     </span>
    </p>

    <p class='ocr_par' dir='ltr' id='par_1_14' title="bbox 407 2649 2144 2751">
     <span class='ocr_line' id='line_1_15' title="bbox 407 2649 2144 2751; baseline 0 -26"><span class='ocrx_word' id='word_1_100' title='bbox 407 2652 690 2737; x_wconf 85' lang='lat' dir='ltr'><strong>Quales</strong></span> <span class='ocrx_word' id='word_1_101' title='bbox 725 2652 939 2727; x_wconf 86' lang='lat' dir='ltr'><strong>aeriae</strong></span> <span class='ocrx_word' id='word_1_102' title='bbox 971 2652 1337 2751; x_wconf 87' lang='lat' dir='ltr'><strong>liquentia</strong></span> <span class='ocrx_word' id='word_1_103' title='bbox 1369 2649 1681 2727; x_wconf 86' lang='lat' dir='ltr'><strong>flumina</strong></span> <span class='ocrx_word' id='word_1_104' title='bbox 1716 2652 2024 2743; x_wconf 87' lang='lat' dir='ltr'><strong>circum,</strong></span> <span class='ocrx_word' id='word_1_105' title='bbox 2137 2656 2144 2660; x_wconf 77' lang='grc'><strong>’</strong></span> 
     </span>
    </p>

    <p class='ocr_par' dir='ltr' id='par_1_15' title="bbox 404 2787 2350 2889">
     <span class='ocr_line' id='line_1_16' title="bbox 404 2787 2350 2889; baseline 0.001 -26"><span class='ocrx_word' id='word_1_106' title='bbox 404 2790 574 2864; x_wconf 89' lang='lat' dir='ltr'><strong>Sive</strong></span> <span class='ocrx_word' id='word_1_107' title='bbox 609 2789 794 2863; x_wconf 86' lang='lat' dir='ltr'><strong>Padi</strong></span> <span class='ocrx_word' id='word_1_108' title='bbox 830 2789 1026 2889; x_wconf 73' lang='lat' dir='ltr'><strong>ripiS‚</strong></span> <span class='ocrx_word' id='word_1_109' title='bbox 1073 2789 1414 2864; x_wconf 87' lang='lat' dir='ltr'><strong>Athesim</strong></span> <span class='ocrx_word' id='word_1_110' title='bbox 1451 2815 1580 2864; x_wconf 89' lang='lat' dir='ltr'><strong>seu</strong></span> <span class='ocrx_word' id='word_1_111' title='bbox 1617 2787 1919 2888; x_wconf 79' lang='lat' dir='ltr'><strong>propter</strong></span> <span class='ocrx_word' id='word_1_112' title='bbox 1952 2816 2350 2881; x_wconf 85' lang='lat' dir='ltr'><strong>amoenum,</strong></span> 
     </span>
    </p>

    <p class='ocr_par' dir='ltr' id='par_1_16' title="bbox 408 2927 2342 3027">
     <span class='ocr_line' id='line_1_17' title="bbox 408 2927 2342 3027; baseline -0.002 -24"><span class='ocrx_word' id='word_1_113' title='bbox 408 2928 902 3027; x_wconf 89' lang='lat' dir='ltr'><strong>Consurgunt</strong></span> <span class='ocrx_word' id='word_1_114' title='bbox 935 2927 1253 3027; x_wconf 85' lang='lat' dir='ltr'><strong>geminae</strong></span> <span class='ocrx_word' id='word_1_115' title='bbox 1288 2952 1626 3024; x_wconf 82' lang='lat' dir='ltr'><strong>quercuS,</strong></span> <span class='ocrx_word' id='word_1_116' title='bbox 1675 2928 2119 3026; x_wconf 86' lang='lat' dir='ltr'><strong>intonsaque</strong></span> <span class='ocrx_word' id='word_1_117' title='bbox 2158 2930 2342 3001; x_wconf 87' lang='lat' dir='ltr'><strong>coelo</strong></span> 
     </span>
    </p>

    <p class='ocr_par' dir='ltr' id='par_1_17' title="bbox 401 3032 2197 3163">
     <span class='ocr_line' id='line_1_18' title="bbox 401 3032 2197 3163; baseline -0.001 -24"><span class='ocrx_word' id='word_1_118' title='bbox 401 3067 788 3139; x_wconf 89' lang='lat' dir='ltr'><strong>Attollunt</strong></span> <span class='ocrx_word' id='word_1_119' title='bbox 823 3066 1092 3163; x_wconf 83' lang='lat' dir='ltr'><strong>capita,</strong></span> <span class='ocrx_word' id='word_1_120' title='bbox 1138 3078 1215 3138; x_wconf 90' lang='lat' dir='ltr'><strong>et</strong></span> <span class='ocrx_word' id='word_1_121' title='bbox 1247 3064 1542 3138; x_wconf 84' lang='lat' dir='ltr'><strong>sublimi</strong></span> <span class='ocrx_word' id='word_1_122' title='bbox 1581 3065 1863 3139; x_wconf 88' lang='lat' dir='ltr'><strong>vertice</strong></span> <span class='ocrx_word' id='word_1_123' title='bbox 1902 3032 2197 3139; x_wconf 82' lang='lat' dir='ltr'><strong>nutant.</strong></span> 
     </span>
    </p>

    <p class='ocr_par' dir='ltr' id='par_1_18' title="bbox 404 3200 2413 3302">
     <span class='ocr_line' id='line_1_19' title="bbox 404 3200 2413 3302; baseline -0.001 -25"><span class='ocrx_word' id='word_1_124' title='bbox 404 3205 866 3302; x_wconf 86' lang='lat' dir='ltr'><strong>Irrumpunt,</strong></span> <span class='ocrx_word' id='word_1_125' title='bbox 915 3202 1160 3276; x_wconf 89' lang='lat' dir='ltr'><strong>aditus</strong></span> <span class='ocrx_word' id='word_1_126' title='bbox 1197 3202 1456 3277; x_wconf 88' lang='lat' dir='ltr'><strong>Rutuli</strong></span> <span class='ocrx_word' id='word_1_127' title='bbox 1494 3215 1580 3275; x_wconf 90' lang='lat' dir='ltr'><strong>ut</strong></span> <span class='ocrx_word' id='word_1_128' title='bbox 1617 3202 1869 3276; x_wconf 89' lang='lat' dir='ltr'><strong>videre</strong></span> <span class='ocrx_word' id='word_1_129' title='bbox 1911 3214 2278 3299; x_wconf 84' lang='lat' dir='ltr'><strong>patenteS.</strong></span> <span class='ocrx_word' id='word_1_130' title='bbox 2406 3200 2413 3207; x_wconf 73' lang='grc'>’</span> 
     </span>
    </p>

    <p class='ocr_par' dir='ltr' id='par_1_19' title="bbox 406 3339 2416 3438">
     <span class='ocr_line' id='line_1_20' title="bbox 406 3339 2416 3438; baseline -0.002 -23"><span class='ocrx_word' id='word_1_131' title='bbox 406 3342 791 3416; x_wconf 88' lang='lat' dir='ltr'><strong>Continuo</strong></span> <span class='ocrx_word' id='word_1_132' title='bbox 821 3340 1234 3432; x_wconf 87' lang='lat' dir='ltr'><strong>Quercens,</strong></span> <span class='ocrx_word' id='word_1_133' title='bbox 1283 3353 1360 3413; x_wconf 90' lang='lat' dir='ltr'><strong>et</strong></span> <span class='ocrx_word' id='word_1_134' title='bbox 1393 3341 1707 3438; x_wconf 89' lang='lat' dir='ltr'><strong>pulcher</strong></span> <span class='ocrx_word' id='word_1_135' title='bbox 1732 3339 2137 3436; x_wconf 87' lang='lat' dir='ltr'><strong>Aquicolus</strong></span> <span class='ocrx_word' id='word_1_136' title='bbox 2176 3340 2416 3432; x_wconf 86' lang='lat' dir='ltr'><strong>armis,</strong></span> 
     </span>
    </p>

    <p class='ocr_par' dir='ltr' id='par_1_20' title="bbox 399 3477 2435 3579">
     <span class='ocr_line' id='line_1_21' title="bbox 399 3477 2435 3579; baseline -0.001 -25"><span class='ocrx_word' id='word_1_137' title='bbox 399 3480 503 3554; x_wconf 91' lang='lat' dir='ltr'><strong>Et</strong></span> <span class='ocrx_word' id='word_1_138' title='bbox 538 3504 858 3579; x_wconf 82' lang='lat' dir='ltr'><strong>praeceps</strong></span> <span class='ocrx_word' id='word_1_139' title='bbox 891 3477 1126 3552; x_wconf 83' lang='lat' dir='ltr'><strong>&#39;animi</strong></span> <span class='ocrx_word' id='word_1_140' title='bbox 1159 3477 1493 3569; x_wconf 77' lang='lat' dir='ltr'><strong>TmaruS,</strong></span> <span class='ocrx_word' id='word_1_141' title='bbox 1543 3489 1620 3551; x_wconf 89' lang='lat' dir='ltr'><strong>et</strong></span> <span class='ocrx_word' id='word_1_142' title='bbox 1654 3480 2061 3552; x_wconf 86' lang='lat' dir='ltr'><strong>mavortius</strong></span> <span class='ocrx_word' id='word_1_143' title='bbox 2099 3478 2435 3569; x_wconf 85' lang='lat' dir='ltr'><strong>Haemon,</strong></span> 
     </span>
    </p>

    <p class='ocr_par' dir='ltr' id='par_1_21' title="bbox 398 3614 2036 3725">
     <span class='ocr_line' id='line_1_22' title="bbox 398 3614 2036 3725; baseline -0.003 -33"><span class='ocrx_word' id='word_1_144' title='bbox 398 3618 851 3725; x_wconf 81' lang='lat' dir='ltr'><strong>Agminibus</strong></span> <span class='ocrx_word' id='word_1_145' title='bbox 887 3617 1062 3691; x_wconf 85' lang='lat' dir='ltr'><strong>totis</strong></span> <span class='ocrx_word' id='word_1_146' title='bbox 1099 3628 1230 3689; x_wconf 89' lang='lat' dir='ltr'><strong>aut</strong></span> <span class='ocrx_word' id='word_1_147' title='bbox 1263 3616 1456 3689; x_wconf 81' lang='lat' dir='ltr'><strong>ver&#39;si</strong></span> <span class='ocrx_word' id='word_1_148' title='bbox 1491 3626 1709 3713; x_wconf 87' lang='lat' dir='ltr'><strong>terga</strong></span> <span class='ocrx_word' id='word_1_149' title='bbox 1741 3614 2036 3705; x_wconf 87' lang='lat' dir='ltr'><strong>dedere,</strong></span> 
     </span>
    </p>

    <p class='ocr_par' dir='ltr' id='par_1_22' title="bbox 399 3734 2070 3854">
     <span class='ocr_line' id='line_1_23' title="bbox 399 3734 2070 3854; baseline -0.002 -25"><span class='ocrx_word' id='word_1_150' title='bbox 399 3758 562 3829; x_wconf 91' lang='lat' dir='ltr'><strong>Aut</strong></span> <span class='ocrx_word' id='word_1_151' title='bbox 597 3756 756 3854; x_wconf 90' lang='lat' dir='ltr'><strong>ipso</strong></span> <span class='ocrx_word' id='word_1_152' title='bbox 789 3754 1018 3853; x_wconf 81' lang='lat' dir='ltr'><strong>port&#39;ae</strong></span> <span class='ocrx_word' id='word_1_153' title='bbox 1057 3734 1374 3853; x_wconf 35' lang='lat' dir='ltr'><strong>&#39;posuere</strong></span> <span class='ocrx_word' id='word_1_154' title='bbox 1409 3754 1487 3825; x_wconf 91' lang='lat' dir='ltr'><strong>in</strong></span> <span class='ocrx_word' id='word_1_155' title='bbox 1523 3752 1781 3825; x_wconf 90' lang='lat' dir='ltr'><strong>limine</strong></span> <span class='ocrx_word' id='word_1_156' title='bbox 1817 3756 2070 3826; x_wconf 87' lang='lat' dir='ltr'><strong>vitam.</strong></span> 
     </span>
    </p>

    <p class='ocr_par' dir='ltr' id='par_1_23' title="bbox 397 3890 2335 3991">
     <span class='ocr_line' id='line_1_24' title="bbox 397 3890 2335 3991; baseline -0.003 -23"><span class='ocrx_word' id='word_1_157' title='bbox 397 3895 466 3967; x_wconf 89' lang='lat' dir='ltr'>T</span> <span class='ocrx_word' id='word_1_158' title='bbox 467 3920 595 3968; x_wconf 89' lang='lat' dir='ltr'><strong>um</strong></span> <span class='ocrx_word' id='word_1_159' title='bbox 627 3892 868 3991; x_wconf 88' lang='lat' dir='ltr'><strong>magis</strong></span> <span class='ocrx_word' id='word_1_160' title='bbox 902 3892 1335 3965; x_wconf 83' lang='lat' dir='ltr'><strong>increscunt</strong></span> <span class='ocrx_word' id='word_1_161' title='bbox 1369 3890 1636 3963; x_wconf 89' lang='lat' dir='ltr'><strong>animis</strong></span> <span class='ocrx_word' id='word_1_162' title='bbox 1673 3890 2136 3963; x_wconf 89' lang='lat' dir='ltr'><strong>discordibus</strong></span> <span class='ocrx_word' id='word_1_163' title='bbox 2174 3890 2297 3987; x_wconf 79' lang='lat' dir='ltr'><strong>irae</strong></span> <span class='ocrx_word' id='word_1_164' title='bbox 2316 3920 2335 3979; x_wconf 92' lang='lat'>;</span> 
     </span>
    </p>
   </div>
   <div class='ocr_carea' id='block_1_3' title="bbox 292 4026 2148 4128">
    <p class='ocr_par' dir='ltr' id='par_1_24' title="bbox 292 4026 2148 4128">
     <span class='ocr_line' id='line_1_25' title="bbox 292 4026 2148 4128; baseline -0.004 -21"><span class='ocrx_word' id='word_1_165' title='bbox 292 4026 308 4035; x_wconf 67' lang='grc'><strong><em>’</em></strong></span> <span class='ocrx_word' id='word_1_166' title='bbox 399 4032 502 4107; x_wconf 90' lang='lat' dir='ltr'><strong>Et</strong></span> <span class='ocrx_word' id='word_1_167' title='bbox 523 4030 683 4128; x_wconf 88' lang='lat' dir='ltr'><strong>jam</strong></span> <span class='ocrx_word' id='word_1_168' title='bbox 705 4030 1016 4104; x_wconf 58' lang='lat' dir='ltr'><strong>‘collecti</strong></span> <span class='ocrx_word' id='word_1_169' title='bbox 1048 4029 1276 4103; x_wconf 88' lang='lat' dir='ltr'><strong>Troes</strong></span> <span class='ocrx_word' id='word_1_170' title='bbox 1311 4029 1830 4126; x_wconf 87' lang='lat' dir='ltr'><strong>glomerantur</strong></span> <span class='ocrx_word' id='word_1_171' title='bbox 1864 4028 2148 4119; x_wconf 89' lang='lat' dir='ltr'><strong>eodem,</strong></span> 
     </span>
    </p>
   </div>
   <div class='ocr_carea' id='block_1_4' title="bbox 399 4164 2587 4263">
    <p class='ocr_par' dir='ltr' id='par_1_25' title="bbox 399 4164 2587 4263">
     <span class='ocr_line' id='line_1_26' title="bbox 399 4164 2587 4263; baseline -0.001 -21"><span class='ocrx_word' id='word_1_172' title='bbox 399 4170 502 4243; x_wconf 93' lang='lat' dir='ltr'><strong>Et</strong></span> <span class='ocrx_word' id='word_1_173' title='bbox 536 4166 879 4242; x_wconf 88' lang='lat' dir='ltr'><strong>conferre</strong></span> <span class='ocrx_word' id='word_1_174' title='bbox 914 4190 1220 4240; x_wconf 89' lang='lat' dir='ltr'><strong>manum</strong></span> <span class='ocrx_word' id='word_1_175' title='bbox 1257 4178 1332 4239; x_wconf 91' lang='lat' dir='ltr'><strong>et</strong></span> <span class='ocrx_word' id='word_1_176' title='bbox 1369 4189 1805 4263; x_wconf 86' lang='lat' dir='ltr'><strong>procurrere</strong></span> <span class='ocrx_word' id='word_1_177' title='bbox 1842 4164 2137 4262; x_wconf 87' lang='lat' dir='ltr'><strong>longius</strong></span> <span class='ocrx_word' id='word_1_178' title='bbox 2174 4165 2476 4240; x_wconf 88' lang='lat' dir='ltr'><strong>audent.</strong></span> <span class='ocrx_word' id='word_1_179' title='bbox 2580 4164 2587 4172; x_wconf 80' lang='grc'><strong>’</strong></span> 
     </span>
    </p>
   </div>
   <div class='ocr_carea' id='block_1_5' title="bbox 549 4301 2189 4497">
    <p class='ocr_par' dir='ltr' id='par_1_26' title="bbox 549 4301 2189 4497">
     <span class='ocr_line' id='line_1_27' title="bbox 549 4301 2189 4402; baseline -0.002 -23"><span class='ocrx_word' id='word_1_180' title='bbox 549 4304 872 4379; x_wconf 89' lang='lat' dir='ltr'><strong>Ductori</strong></span> <span class='ocrx_word' id='word_1_181' title='bbox 905 4304 1162 4381; x_wconf 89' lang='lat' dir='ltr'><strong>Turno</strong></span> <span class='ocrx_word' id='word_1_182' title='bbox 1194 4302 1488 4376; x_wconf 89' lang='lat' dir='ltr'><strong>diversa</strong></span> <span class='ocrx_word' id='word_1_183' title='bbox 1526 4304 1604 4381; x_wconf 89' lang='lat' dir='ltr'><strong>in</strong></span> <span class='ocrx_word' id='word_1_184' title='bbox 1640 4315 1852 4402; x_wconf 86' lang='lat' dir='ltr'><strong>parte</strong></span> <span class='ocrx_word' id='word_1_185' title='bbox 1883 4301 2189 4396; x_wconf 87' lang='lat' dir='ltr'><strong>furenti,</strong></span> 
     </span>
     <span class='ocr_line' id='line_1_28' title="bbox 685 4448 2074 4497; baseline -0.001 0"><span class='ocrx_word' id='word_1_186' title='bbox 685 4458 714 4497; x_wconf 83' lang='lat'><em>2</em></span> <span class='ocrx_word' id='word_1_187' title='bbox 2016 4448 2074 4496; x_wconf 89' lang='lat' dir='ltr'>M</span> 
     </span>
    </p>
   </div>
  </div>
 </body>
</html>
