3234 5334
692 648 793 721 56
1550 643 1644 715 AE
1665 643 1745 716 N
1767 642 1832 715 E
1857 642 1892 714 1
1915 642 1981 715 S.
2562 666 2632 715 v,
2667 645 2834 715 484.

693 844 1121 939 Idaeumque
1159 842 1385 915 etiam
1422 866 1702 931 currus,
1747 839 1976 913 etiam
2011 862 2234 931 arma,
2279 849 2688 921 tenentem.

696 981 1209 1057 Circumstant
1246 980 1511 1053 animae
1544 979 1816 1053 dextra
1847 980 2174 1075 laevaque
2207 976 2656 1075 frequentes,

694 1120 869 1193 Nec
902 1119 1173 1192 vidisse
1206 1119 1435 1191 semel
1470 1118 1648 1191 satis
1681 1130 1830 1191 est:
1873 1115 2094 1214 juvat
2125 1140 2360 1213 usque
2387 1114 2682 1205 morari,

692 1258 793 1331 Et
830 1256 1172 1331 conferre
1206 1256 1547 1355 gadum,
1592 1267 1672 1328 et
1703 1254 2056 1329 veniendi
2093 1250 2378 1328 discere
2415 1276 2691 1327 causas.

690 1397 798 1469 At
831 1396 1183 1468 Danafim
1216 1419 1579 1493 procereS,
1616 1392 2376 1492 Agamemnoniaeque
2409 1392 2840 1490 phalanges»,

690 1532 803 1607 Ut
836 1533 1091 1607 videre
1124 1532 1367 1606 virum
1400 1531 1921 1631 fulgentiaque
1957 1556 2163 1603 arma
2195 1554 2330 1628 per
2361 1530 2678 1620 umbras‘,

690 1672 1003 1771 Ingenti
1036 1670 1409 1769 trepidare
1444 1682 1688 1743 metu:
1743 1694 1912 1767 pars
1944 1680 2234 1741 vertere
2265 1682 2504 1768 terga,

696 1810 859 1884 Ceu
893 1810 1269 1908 quondam
1304 1810 1585 1908 petiere
1620 1819 1854 1881 rates:
1909 1830 2078 1905 pars
2111 1806 2372 1881 tollere
2407 1830 2668 1879 vocem

692 1947 1105 2046 Exiguam3
1164 1948 1509 2045 inceptus
1544 1947 1827 2019 clamor
1856 1944 2258 2019 frustratur
2289 1945 2601 2019 hiantes».

838 2086 1089 2181 Atque
1122 2086 1243 2156 hic
1279 2083 1704 2157 Priamiden
1742 2082 2106 2157 laniatum
2143 2107 2450 2181 corpore
2493 2094 2658 2155 toto

688 2220 1169 2319 Deiphobum
1202 2220 1413 2311 vidit,
1460 2222 1790 2295 lacerum
1825 2221 2230 2295 crudeliter
2259 2246 2409 2312 ora,

690 2361 864 2450 Ora,
910 2384 1323 2457 manusque
1358 2359 1632 2452 ambas,
1677 2360 2176 2458 populataque
2210 2372 2547 2459 tempora
2578 2358 2808 2458 raptis

687 2497 1035 2590 AuribuS‚
1084 2510 1161 2571 et
1194 2511 1499 2571 truncas
1536 2497 1932 2571 inhonesto
1967 2499 2276 2572 vulnere
2313 2522 2548 2571 nares,

687 2635 842 2708 Vix
875 2637 1065 2709 adeo
1100 2635 1411 2735 agnovit
1444 2635 1928 2734 pavitantem,
1977 2649 2054 2709 et
2089 2636 2252 2710 dira
2282 2646 2670 2735 tegentem

690 2772 1100 2870 Supplicia.;
1158 2784 1235 2845 et
1270 2774 1467 2846 notis
1504 2775 1904 2872 compellat
1935 2774 2240 2850 vocibus
2275 2775 2508 2847 ultro:

688 2909 1081 3007 Deiphobe
1117 2910 1589 3009 armipotenS,
1631 2936 1870 3010 genus
1907 2913 2060 2985 alto
2089 2937 2135 2985 a
2161 2912 2526 3011 sanguine
2545 2910 2840 3003 Teucri,

687 3047 878 3132 Quis
914 3058 1069 3123 tam
1107 3049 1444 3124 crudeles
1478 3050 1766 3148 optavit
1799 3076 2090 3124 sumere
2123 3050 2418 3149 poenas?

688 3185 834 3259 Cui
870 3198 1169 3261 tantum
1206 3188 1300 3261 de
1337 3200 1413 3261 te
1446 3188 1706 3266 licuit?
1777 3188 1974 3263 Mihi
2007 3188 2210 3263 fama
2241 3212 2586 3291 suprema
2633 3237 2640 3243 ·

686 3323 941 3397 Nocte
974 3325 1173 3415 tulit,
1218 3325 1495 3399 fessum
1530 3339 1741 3400 vasta
1771 3338 1850 3400 te
1885 3326 2085 3400 caede
2120 3326 2510 3427 Pelasgum

684 3460 1175 3535 Procubuisse
1210 3488 1434 3561 super
1467 3464 1792 3538 confusae
1825 3465 2092 3564 stragis
2129 3490 2498 3539 acervum.

679 3599 898 3673 Tunc
934 3613 1236 3699 egomet
1268 3604 1641 3675 tumulum
1678 3602 1990 3677 Rhoeteo
2026 3601 2104 3675 in
2141 3600 2390 3677 littore
2428 3603 2728 3677 inanem

686 3735 1085 3828 Constitui,
1134 3750 1211 3811 et
1244 3762 1523 3837 magna
1559 3740 1828 3814 Manes
1865 3753 1982 3815 ter
2013 3765 2198 3815 voce
2232 3740 2512 3815 vocavi.

682 3874 986 3947 Nomen
1026 3887 1104 3948 et
1138 3900 1345 3949 arma
1378 3877 1628 3951 locum
1663 3855 1983 3954 servant.
2063 3882 2191 3972 Te,
2239 3878 2497 3971 amice,
2541 3878 2848 3978 nequivi

670 4010 1155 4109 Conspicere,
1204 4025 1281 4086 et
1317 4015 1558 4111 patria
1590 4015 1964 4090 decedens
2002 4041 2278 4115 ponere
2319 4030 2538 4092 terra.

679 4148 799 4221 Ad
828 4173 989 4245 quae
1016 4150 1173 4223 haec
1196 4150 1640 4225 Priamides:
1687 4152 1900 4226 Nihil
1929 4178 1974 4226 o
2003 4155 2161 4246 tihi,
2201 4155 2460 4246 amice,
2497 4155 2884 4246 relictun13

676 4283 953 4397 Omnia
986 4286 1389 4387 Deiphobo
1412 4287 1696 4365 solvisti
1733 4301 1809 4363 et
1841 4288 2128 4364 funeris
2162 4291 2478 4366 umbris:
