3234 5334
679 674 814 744 132
1527 662 1967 742 AENEIS.
2546 662 2823 746 v.691.

669 864 1059 963 Cycladas,
1107 874 1239 939 aut
1271 875 1562 939 montes
1601 888 2051 939 concurrere
2085 861 2463 938 montibus
2500 860 2729 935 altos:

665 1004 914 1078 Tanta
949 1005 1141 1078 mole
1178 1004 1319 1079 viri
1353 1004 1639 1079 turritis
1674 1002 2043 1104 puppibus
2076 1003 2383 1077 instant.

668 1142 994 1241 Stuppea
1025 1114 1324 1217 flamma
1355 1168 1608 1234 manu,
1656 1142 1969 1239 telisque
2003 1140 2307 1215 volatile
2336 1139 2621 1213 ferrum

669 1280 1092 1379 Spargitur:
1150 1303 1331 1355 arva
1361 1305 1560 1355 nova
1594 1280 1989 1379 Neptunia
2022 1280 2221 1353 caede
2257 1278 2689 1352 rubescunt.

670 1418 966 1517 Regina
1001 1418 1080 1493 in
1115 1417 1378 1493 mediis
1411 1420 1657 1517 patrio
1692 1431 1913 1493 vocat
1948 1416 2255 1518 agmina
2286 1418 2502 1490 sistro
2521 1444 2542 1507 ;

672 1556 1028 1631 Necdum
1063 1556 1292 1630 etiam
1327 1558 1665 1655 geminos
1702 1581 1749 1629 a
1778 1570 1997 1654 tergo
2032 1554 2335 1653 respicit
2370 1574 2678 1651 angues.

671 1693 1330 1793 omnigenumque
1367 1694 1590 1767 deum
1628 1705 1982 1784 monstra,
2030 1705 2107 1766 et
2142 1693 2456 1765 latrator
2488 1688 2805 1779 Anubi5‚

675 1830 964 1905 Contra
986 1830 1433 1930 Neptunum
1464 1843 1543 1905 et
1556 1832 1955 1922 Venerem,
1984 1840 2399 1927 contraque
2425 1828 2871 1918 Minervam,

672 1968 857 2041 Tela
889 1979 1195 2041 tenent:
1251 1969 1456 2045 saevit
1490 1969 1741 2043 medio
1774 1968 1855 2041 in
1892 1968 2303 2043 certamine
2340 1966 2648 2040 Mavors
2776 2038 2781 2045 .

679 2104 1000 2179 Caelatus
1033 2104 1252 2198 ferm,
1297 2106 1696 2203 tristesque
1730 2130 1827 2180 ex
1862 2107 2135 2181 aethere
2170 2104 2411 2195 Dirae3

676 2241 778 2315 Et
810 2240 1037 2315 scissa
1068 2242 1405 2341 gaudens
1440 2244 1651 2318 vadit
1685 2243 2083 2317 Discordia
2116 2243 2333 2342 palla,

679 2378 932 2463 Quam
969 2404 1142 2453 cum
1175 2381 1594 2479 sanguineo
1628 2379 1964 2477 sequitur
2000 2380 2309 2453 Bellona
2344 2380 2662 2479 flagello,

679 2516 945 2590 Actius
982 2518 1140 2592 haec
1177 2542 1492 2591 cernens
1527 2542 1788 2591 arcum
1825 2516 2271 2592 intendebat
2304 2517 2576 2615 Apollo
2665 2613 2669 2615 Π

645 2654 1056 2752 ‘Desuperz
1115 2656 1356 2730 omnis
1391 2680 1481 2731 eo
1515 2666 1799 2732 terrore
1832 2656 2222 2755 AEgyptuS,
2272 2667 2349 2729 et
2387 2653 2587 2746 Indi,

681 2790 946 2865 Omnis
980 2791 1239 2885 Arabs»,
1285 2817 1544 2867 omnes
1577 2791 1977 2869 vertebant
2010 2806 2231 2893 terga
2264 2790 2513 2866 Sabaei.

683 2928 857 3027 Ipsa
887 2928 1286 3005 videbatur
1317 2931 1562 3005 ventis
1599 2930 1863 3030 regina
1894 2931 2181 3004 vocatis

683 3067 878 3142 Vela
907 3067 1108 3159 dare,
1154 3081 1234 3141 et
1266 3070 1476 3143 laxos
1497 3069 1661 3167 jam
1680 3068 1991 3168 jamque
2024 3068 2429 3143 immittere
2460 3067 2703 3143 funes.

687 3202 903 3281 Illam
937 3207 1140 3280 inter
1173 3204 1430 3298 caede8‚
1473 3208 1882 3306 pallentem
1916 3217 2159 3283 morte
2192 3207 2471 3299 futura,

687 3340 996 3416 Fecerat
1031 3343 1462 3443 ignipotens
1497 3345 1721 3418 undis
1756 3357 1834 3420 et
1870 3344 2157 3445 Iapyge
2188 3344 2405 3421 ferri:

690 3478 982 3553 Contra
1013 3492 1266 3557 autem
1299 3506 1580 3582 magno
1613 3496 2045 3557 maerentem
2082 3506 2394 3583 corpore
2426 3482 2717 3575 Nilum,

688 3617 1304 3716 pandentemque
1345 3619 1572 3712 sinum,
1619 3630 1699 3694 et
1732 3631 1895 3694 tota
1926 3633 2135 3695 veste
2171 3632 2571 3695 vocantem

694 3754 1114 3829 Caeruleum
1147 3756 1227 3829 in
1264 3757 1635 3856 gremium
1669 3758 2184 3856 latebrosaque
2220 3758 2535 3832 flumina
2566 3759 2822 3834 victos,

691 3893 798 3967 At
832 3891 1098 3985 Caesar,
1144 3893 1423 3992 triplici
1457 3894 1801 3971 invectus
1837 3896 2178 3970 Romana
2208 3896 2591 3996 triumpho

697 4026 1004 4122 Moenia,
1048 4030 1161 4104 dis
1196 4031 1406 4107 Italis
1439 4046 1700 4107 votum
1735 4033 2153 4109 immortale
2184 4033 2549 4128 sacrabat,

699 4163 1042 4240 Maxima
1073 4178 1500 4243 tercentum
1533 4179 1773 4244 totam
1807 4170 2116 4246 delubra
2150 4196 2285 4271 per
2316 4171 2599 4248 urbem.

592 4323 601 4330 ·
699 4298 990 4378 Laetitia
1022 4304 1364 4403 ludisque
1399 4306 1534 4381 viae
1565 4309 1979 4407 plausuque
2012 4306 2474 4386 fremebant:
