3234 5334
658 664 795 737 160
1510 662 1602 735 AE
1628 662 1704 735 N
1729 660 1794 733 E
1817 661 1854 733 1
1879 662 1946 734 s,
2082 626 2088 631 ’
2531 685 2598 731 v.
2635 658 2802 743 639.

648 858 877 933 Nube
912 859 1215 949 sedens;
1272 870 1497 956 atque
1531 860 1645 932 his
1679 858 2043 933 victorem
2079 834 2354 931 affatur
2385 857 2676 930 Iulum:

648 994 910 1071 Macte
944 1021 1142 1070 nova
1174 995 1476 1088 virtute,
1523 1022 1748 1095 puer3
1805 996 1914 1069 sic
1950 994 2103 1069 itur
2137 996 2231 1068 ad
2267 1006 2482 1085 astra,

646 1132 785 1211 Dis
820 1132 1099 1232 genite,
1148 1145 1227 1207 et
1262 1133 1611 1233 geniture
1645 1134 1860 1207 deos:
1905 1133 2078 1231 jure
2115 1133 2368 1207 omnia
2401 1132 2596 1207 bella

648 1271 903 1345 Gente
946 1271 1082 1344 sub
1119 1271 1461 1345 Assaraci
1496 1270 1655 1345 fato
1691 1284 2010 1345 ventura
2049 1270 2416 1345 resident:

646 1408 727 1483 N
732 1433 819 1481 ec
854 1421 931 1483 te
960 1407 1183 1506 Troja
1218 1409 1440 1507 capit.
1536 1408 1768 1482 Simul
1803 1411 1962 1483 haec
1997 1408 2286 1500 effatuS,
2337 1408 2430 1481 ab
2465 1408 2616 1481 alto

642 1546 947 1621 AEthere
989 1572 1069 1621 se
1103 1546 1357 1637 mittit,
1404 1547 1772 1645 spirantes
1807 1546 2140 1622 dimovet
2175 1572 2410 1638 amm,

641 1685 1199 1782 Ascaniumque
1233 1684 1459 1783 petit:
1515 1684 1834 1759 formam
1869 1696 2034 1759 tum
2071 1685 2390 1761 vertitur
2421 1683 2566 1757 oris

640 1822 1061 1921 Antiquum
1094 1823 1173 1895 in
1212 1823 1479 1897 Buten.
1592 1823 1742 1897 Hic
1780 1822 2169 1896 Dardanio
2205 1822 2552 1895 Anchisae

640 1961 993 2059 Armiger
1026 1972 1203 2033 ante
1238 1959 1402 2052 fuit,
1448 1960 1784 2058 fidusque
1821 1959 1917 2033 ad
1951 1959 2212 2033 limina
2249 1970 2536 2048 custos;

639 2097 833 2171 Tum
872 2098 1223 2172 comitem
1258 2098 1585 2171 Ascanio
1618 2112 1836 2196 pater
1871 2098 2180 2172 addidit.
2285 2096 2457 2170 Ibat
2491 2096 2756 2196 Apollo

640 2235 920 2309 Omnia
952 2236 1289 2333 longaevo
1326 2235 1601 2328 similis,
1650 2216 2082 2332 vocemque,
2131 2236 2624 2332 coloremque,

641 2372 740 2445 Et
774 2373 1017 2447 crines
1054 2372 1277 2465 albos,
1328 2385 1405 2447 et
1438 2398 1630 2448 saeva
1663 2375 2050 2447 sonoribus
2087 2398 2330 2463 arma3

637 2511 887 2608 Atque
920 2512 1035 2584 his
1070 2511 1462 2585 ardentem
1498 2511 1722 2586 dictis
1757 2513 2032 2586 affatur
2065 2512 2352 2585 Iulum.-

638 2649 747 2721 Sit
780 2649 977 2740 satiS,
1021 2649 1375 2741 AEneada,
1424 2650 1591 2722 telis
1626 2649 1931 2749 impune
1967 2651 2412 2725 Numanum

640 2786 1057 2885 Oppetiisse
1093 2786 1277 2861 tuis:
1335 2787 1652 2885 primam
1687 2789 1886 2861 hanc
1922 2788 2060 2861 tibi
2097 2812 2416 2887 magnus
2449 2786 2716 2885 Apollo

642 2924 1015 2999 Concedit
1050 2925 1369 3015 laudem,
1420 2938 1495 2999 et
1530 2926 1829 3022 paribus
1865 2951 2022 2999 non
2059 2926 2348 2999 invidet
2383 2924 2624 3031 armis·

641 3044 917 3137 Cetera
949 3087 1193 3160 parce,
1239 3087 1444 3160 puer,
1492 3064 1709 3136 bello.
1821 3064 1938 3137 Sic
1977 3088 2181 3136 orsus
2215 3064 2486 3160 Apollo

639 3200 999 3274 Mortales
1034 3178 1281 3273 medio
1317 3200 1712 3299 adspectus
1747 3226 2086 3277 sermone
2123 3201 2444 3298 reliquit,

638 3337 737 3411 Et
769 3339 1031 3435 procul
1066 3337 1144 3410 in
1180 3350 1487 3412 tenuem
1525 3363 1623 3411 ex
1657 3339 1891 3411 oculis
1929 3339 2236 3412 evanuit
2269 3362 2550 3411 auram.

636 3478 1041 3575 Agnovere
1078 3475 1303 3550 deum
1337 3502 1680 3575 proceres
1718 3478 2119 3577 divinaque
2159 3479 2336 3551 tela‘

636 3613 1110 3707 Dardanidae,
1157 3616 1730 3713 pharetramque
1763 3614 1949 3715 fuga
1981 3640 2276 3690 sensere
2311 3627 2723 3689 sonantem.

636 3752 839 3854 Ergo
873 3753 1173 3827 avidum
1209 3780 1480 3852 pugnae
1514 3754 1734 3827 dictis
1779 3779 1868 3862 ac
1905 3754 2214 3827 numine
2251 3753 2506 3826 Phoebi

635 3890 1046 3964 Ascanium
1083 3891 1520 3987 prohibent:
1579 3891 1716 3988 ipsi
1753 3891 1830 3963 in
1868 3891 2282 3964 certamina
2315 3914 2564 3963 rursus

634 4027 1086 4118 Succedunt,
1132 4028 1563 4125 animasque
1599 4028 1678 4100 in
1717 4041 1972 4126 aperta
2007 4028 2340 4126 pericula
2371 4029 2705 4119 mittunt.

637 4165 711 4237 It
746 4167 1027 4238 clamor
1059 4165 1235 4238 totis
1269 4189 1404 4263 per
1436 4167 2001 4265 propugnacula
2035 4166 2304 4240 muris:

639 4302 1063 4376 Intendunt
1098 4328 1305 4377 acres
1342 4327 1575 4395 arcuS,
1627 4314 2073 4400 amentaque
2110 4298 2510 4400 torquent.·
